%% This BibTeX bibliography file was created using BibDesk.
%% http://bibdesk.sourceforge.net/

%% Created for Ya Zhou 


%% Saved with string encoding Unicode (UTF-8) 
@article{zhang2022self,
	title={Self-Supervised Time Series Representation Learning via Cross Reconstruction Transformer},
	author={Zhang, Wenrui and Yang, Ling and Geng, Shijia and Hong, Shenda},
	journal={arXiv preprint arXiv:2205.09928},
	year={2022}
}
@article{han2022survey,
	title={A survey on vision transformer},
	author={Han, Kai and Wang, Yunhe and Chen, Hanting and Chen, Xinghao and Guo, Jianyuan and Liu, Zhenhua and Tang, Yehui and Xiao, An and Xu, Chunjing and Xu, Yixing and others},
	journal={IEEE transactions on pattern analysis and machine intelligence},
	volume={45},
	number={1},
	pages={87--110},
	year={2022},
	publisher={IEEE}
}

@article{wen2022transformers,
	title={Transformers in time series: A survey},
	author={Wen, Qingsong and Zhou, Tian and Zhang, Chaoli and Chen, Weiqi and Ma, Ziqing and Yan, Junchi and Sun, Liang},
	journal={arXiv preprint arXiv:2202.07125},
	year={2022}
}


@article{siontis2024hypertrophic,
	title={Hypertrophic cardiomyopathy detection with artificial intelligence electrocardiography in international cohorts: an external validation study},
	author={Siontis, Konstantinos C and Wieczorek, Mikolaj A and Maanja, Maren and Hodge, David O and Kim, Hyung-Kwan and Lee, Hyun-Jung and Lee, Heesun and Lim, Jaehyun and Park, Chan Soon and Ariga, Rina and others},
	journal={European Heart Journal-Digital Health},
	pages={ztae029},
	year={2024},
	publisher={Oxford University Press}
}


@article{goto2022multinational,
	title={Multinational federated learning approach to train ECG and echocardiogram models for hypertrophic cardiomyopathy detection},
	author={Goto, Shinichi and Solanki, Divyarajsinhji and John, Jenine E and Yagi, Ryuichiro and Homilius, Max and Ichihara, Genki and Katsumata, Yoshinori and Gaggin, Hanna K and Itabashi, Yuji and MacRae, Calum A and others},
	journal={Circulation},
	volume={146},
	number={10},
	pages={755--769},
	year={2022},
	publisher={Am Heart Assoc}
}


@article{siontis2023saliency,
	title={Saliency maps provide insights into artificial intelligence-based electrocardiography models for detecting hypertrophic cardiomyopathy},
	author={Siontis, Konstantinos C and Su{\'a}rez, Abraham B{\'a}ez and Sehrawat, Ojasav and Ackerman, Michael J and Attia, Zachi I and Friedman, Paul A and Noseworthy, Peter A and Maanja, Maren},
	journal={Journal of Electrocardiology},
	volume={81},
	pages={286--291},
	year={2023},
	publisher={Elsevier}
}


@article{ko2020detection,
	title={Detection of hypertrophic cardiomyopathy using a convolutional neural network-enabled electrocardiogram},
	author={Ko, Wei-Yin and Siontis, Konstantinos C and Attia, Zachi I and Carter, Rickey E and Kapa, Suraj and Ommen, Steve R and Demuth, Steven J and Ackerman, Michael J and Gersh, Bernard J and Arruda-Olson, Adelaide M and others},
	journal={Journal of the American College of Cardiology},
	volume={75},
	number={7},
	pages={722--733},
	year={2020},
	publisher={American College of Cardiology Foundation Washington DC}
}

@article{matsoukas2021time,
	title={Is it time to replace cnns with transformers for medical images?},
	author={Matsoukas, Christos and Haslum, Johan Fredin and S{\"o}derberg, Magnus and Smith, Kevin},
	journal={arXiv preprint arXiv:2108.09038},
	year={2021}
}

@inproceedings{yang2021transformer,
	title={Transformer-based attention networks for continuous pixel-wise prediction},
	author={Yang, Guanglei and Tang, Hao and Ding, Mingli and Sebe, Nicu and Ricci, Elisa},
	booktitle={Proceedings of the IEEE/CVF International Conference on Computer vision},
	pages={16269--16279},
	year={2021}
}

@article{song2022ctmfnet,
	title={CTMFNet: CNN and transformer multiscale fusion network of remote sensing urban scene imagery},
	author={Song, Pengfei and Li, Jinjiang and An, Zhiyong and Fan, Hui and Fan, Linwei},
	journal={IEEE Transactions on Geoscience and Remote Sensing},
	volume={61},
	pages={1--14},
	year={2022},
	publisher={IEEE}
}

@article{royer2024scalarization,
	title={Scalarization for multi-task and multi-domain learning at scale},
	author={Royer, Amelie and Blankevoort, Tijmen and Ehteshami Bejnordi, Babak},
	journal={Advances in Neural Information Processing Systems},
	volume={36},
	year={2024}
}


@article{zhou2023masked,
	title={Masked Transformer for Electrocardiogram Classification},
	author={Zhou, Ya and Diao, Xiaolin and Huo, Yanni and Liu, Yang and Fan, Xiaohan and Zhao, Wei},
	journal={arXiv preprint arXiv:2309.07136},
	year={2023}
}



@inproceedings{wang2023closer,
	title={A closer look at self-supervised lightweight vision transformers},
	author={Wang, Shaoru and Gao, Jin and Li, Zeming and Zhang, Xiaoqin and Hu, Weiming},
	booktitle={International Conference on Machine Learning},
	pages={35624--35641},
	year={2023},
	organization={PMLR}
}


@article{choi2023ecgbert,
	title={ECGBERT: Understanding Hidden Language of ECGs with Self-Supervised Representation Learning},
	author={Choi, Seokmin and Mousavi, Sajad and Si, Phillip and Yhdego, Haben G and Khadem, Fatemeh and Afghah, Fatemeh},
	journal={arXiv preprint arXiv:2306.06340},
	year={2023}
}

@article{radford2018improving,
	title={Improving language understanding by generative pre-training},
	author={Radford, Alec and Narasimhan, Karthik and Salimans, Tim and Sutskever, Ilya and others},
	year={2018},
	publisher={OpenAI}
}


@article{devlin2019bert,
	title={Bert: Pre-training of deep bidirectional transformers for language understanding},
	author={Devlin, Jacob and Chang, Ming-Wei and Lee, Kenton and Toutanova, Kristina},
	journal={NAACL},
	year={2019}
}


@article{wei2019neural,
	title={Neural multimodal cooperative learning toward micro-video understanding},
	author={Wei, Yinwei and Wang, Xiang and Guan, Weili and Nie, Liqiang and Lin, Zhouchen and Chen, Baoquan},
	journal={IEEE Transactions on Image Processing},
	volume={29},
	pages={1--14},
	year={2019},
	publisher={IEEE}
}

@inproceedings{chowdhury2022tarnet,
	title={Tarnet: Task-aware reconstruction for time-series transformer},
	author={Chowdhury, Ranak Roy and Zhang, Xiyuan and Shang, Jingbo and Gupta, Rajesh K and Hong, Dezhi},
	booktitle={Proceedings of the 28th ACM SIGKDD Conference on Knowledge Discovery and Data Mining},
	pages={212--220},
	year={2022}
}

@inproceedings{zerveas2021transformer,
	title={A transformer-based framework for multivariate time series representation learning},
	author={Zerveas, George and Jayaraman, Srideepika and Patel, Dhaval and Bhamidipaty, Anuradha and Eickhoff, Carsten},
	booktitle={Proceedings of the 27th ACM SIGKDD conference on knowledge discovery \& data mining},
	pages={2114--2124},
	year={2021}
}

@article{sharma2021detection,
	title={Detection and delineation of the enigmatic U-wave in an electrocardiogram},
	author={Sharma, Lakhan Dev and Sunkaria, Ramesh Kumar},
	journal={International Journal of Information Technology},
	volume={13},
	pages={2525--2532},
	year={2021},
	publisher={Springer}
}

@article{strodthoff2023ptb,
	title={PTB-XL+, a comprehensive electrocardiographic feature dataset},
	author={Strodthoff, Nils and Mehari, Temesgen and Nagel, Claudia and Aston, Philip J and Sundar, Ashish and Graff, Claus and Kanters, J{\o}rgen K and Haverkamp, Wilhelm and D{\"o}ssel, Olaf and Loewe, Axel and others},
	journal={Scientific Data},
	volume={10},
	number={1},
	pages={279},
	year={2023},
	publisher={Nature Publishing Group UK London}
}

@article{hong2020opportunities,
	title={Opportunities and challenges of deep learning methods for electrocardiogram data: A systematic review},
	author={Hong, Shenda and Zhou, Yuxi and Shang, Junyuan and Xiao, Cao and Sun, Jimeng},
	journal={Computers in Biology and Medicine},
	volume={122},
	pages={103801},
	year={2020},
	publisher={Elsevier}
}

@inproceedings{pyakillya2017deep,
	title={Deep learning for ECG classification},
	author={Pyakillya, Boris and Kazachenko, Natasha and Mikhailovsky, Nikolay},
	booktitle={Journal of physics: conference series},
	volume={913},
	number={1},
	pages={012004},
	year={2017},
	organization={IOP Publishing}
}

@article{radford2018improving,
	title={Improving language understanding by generative pre-training},
	author={Radford, Alec and Narasimhan, Karthik and Salimans, Tim and Sutskever, Ilya and others},
	year={2018},
	publisher={OpenAI}
}

@article{naseer2021intriguing,
	title={Intriguing properties of vision transformers},
	author={Naseer, Muhammad Muzammal and Ranasinghe, Kanchana and Khan, Salman H and Hayat, Munawar and Shahbaz Khan, Fahad and Yang, Ming-Hsuan},
	journal={Advances in Neural Information Processing Systems},
	volume={34},
	pages={23296--23308},
	year={2021}
}

@article{noseworthy2022artificial,
	title={Artificial intelligence-guided screening for atrial fibrillation using electrocardiogram during sinus rhythm: a prospective non-randomised interventional trial},
	author={Noseworthy, Peter A and Attia, Zachi I and Behnken, Emma M and Giblon, Rachel E and Bews, Katherine A and Liu, Sijia and Gosse, Tara A and Linn, Zachery D and Deng, Yihong and Yin, Jun and others},
	journal={The Lancet},
	volume={400},
	number={10359},
	pages={1206--1212},
	year={2022},
	publisher={Elsevier}
}

@article{attia2022prospective,
	title={Prospective evaluation of smartwatch-enabled detection of left ventricular dysfunction},
	author={Attia, Zachi I and Harmon, David M and Dugan, Jennifer and Manka, Lukas and Lopez-Jimenez, Francisco and Lerman, Amir and Siontis, Konstantinos C and Noseworthy, Peter A and Yao, Xiaoxi and Klavetter, Eric W and others},
	journal={Nature Medicine},
	pages={1--7},
	year={2022},
	publisher={Nature Publishing Group US New York}
}

@article{attia2019artificial,
	title={An artificial intelligence-enabled ECG algorithm for the identification of patients with atrial fibrillation during sinus rhythm: a retrospective analysis of outcome prediction},
	author={Attia, Zachi I and Noseworthy, Peter A and Lopez-Jimenez, Francisco and Asirvatham, Samuel J and Deshmukh, Abhishek J and Gersh, Bernard J and Carter, Rickey E and Yao, Xiaoxi and Rabinstein, Alejandro A and Erickson, Brad J and others},
	journal={The Lancet},
	volume={394},
	number={10201},
	pages={861--867},
	year={2019},
	publisher={Elsevier}
}

@article{yao2021artificial,
	title={Artificial intelligence--enabled electrocardiograms for identification of patients with low ejection fraction: a pragmatic, randomized clinical trial},
	author={Yao, Xiaoxi and Rushlow, David R and Inselman, Jonathan W and McCoy, Rozalina G and Thacher, Thomas D and Behnken, Emma M and Bernard, Matthew E and Rosas, Steven L and Akfaly, Abdulla and Misra, Artika and others},
	journal={Nature Medicine},
	volume={27},
	number={5},
	pages={815--819},
	year={2021},
	publisher={Nature Publishing Group US New York}
}

@article{wang2022closer,
	title={A Closer Look at Self-supervised Lightweight Vision Transformers},
	author={Wang, Shaoru and Gao, Jin and Li, Zeming and Sun, Jian and Hu, Weiming},
	journal={arXiv preprint arXiv:2205.14443},
	year={2022}
}

@article{wang2023contrastive,
	title={Contrastive Learning with Consistent Representations},
	author={Wang, Zihu and Wang, Yu and Hu, Hanbin and Li, Peng},
	journal={arXiv preprint arXiv:2302.01541},
	year={2023}
}

@inproceedings{gutmann2010noise,
	title={Noise-contrastive estimation: A new estimation principle for unnormalized statistical models},
	author={Gutmann, Michael and Hyv{\"a}rinen, Aapo},
	booktitle={Proceedings of the thirteenth international conference on artificial intelligence and statistics},
	pages={297--304},
	year={2010},
	organization={JMLR Workshop and Conference Proceedings}
}

@article{shukla2022ecg,
	title={ECG-ViT: A Transformer-Based ECG Classifier for Energy-Constraint Wearable Devices},
	author={Shukla, Neha and Pandey, Anand and Shukla, Anand Prakash and Neupane, Sanjeev Chandra},
	journal={Journal of Sensors},
	volume={2022},
	year={2022},
	publisher={Hindawi}
}

@article{hu2022transformer,
	title={A transformer-based deep neural network for arrhythmia detection using continuous ECG signals},
	author={Hu, Rui and Chen, Jie and Zhou, Li},
	journal={Computers in Biology and Medicine},
	volume={144},
	pages={105325},
	year={2022},
	publisher={Elsevier}
}

@article{wen2022transformers,
	title={Transformers in time series: A survey},
	author={Wen, Qingsong and Zhou, Tian and Zhang, Chaoli and Chen, Weiqi and Ma, Ziqing and Yan, Junchi and Sun, Liang},
	journal={arXiv preprint arXiv:2202.07125},
	year={2022}
}

@article{reyna2022issues,
	title={Issues in the automated classification of multilead ECGs using heterogeneous labels and populations},
	author={Reyna, Matthew A and Sadr, Nadi and Alday, Erick A Perez and Gu, Annie and Shah, Amit J and Robichaux, Chad and Rad, Ali Bahrami and Elola, Andoni and Seyedi, Salman and Ansari, Sardar and others},
	journal={Physiological Measurement},
	volume={43},
	number={8},
	pages={084001},
	year={2022},
	publisher={IOP Publishing}
}

@article{bousseljot1995nutzung,
	title={Nutzung der EKG-Signaldatenbank CARDIODAT der PTB {\"u}ber das Internet},
	author={Bousseljot, Ralf and Kreiseler, Dieter and Schnabel, Allard},
	year={1995},
	publisher={Walter de Gruyter, Berlin/New York Berlin, New York}
}

@article{tihonenko2007st,
	title={St.-Petersburg institute of cardiological technics 12-lead arrhythmia database},
	author={Tihonenko, Viktor and Khaustov, Alexander and Ivanov, Sergey and Rivin, Alexei and others},
	journal={Dataset on Physionet. org},
	year={2007}
}


@article{liu2018open,
	title={An open access database for evaluating the algorithms of electrocardiogram rhythm and morphology abnormality detection},
	author={Liu, Feifei and Liu, Chengyu and Zhao, Lina and Zhang, Xiangyu and Wu, Xiaoling and Xu, Xiaoyan and Liu, Yulin and Ma, Caiyun and Wei, Shoushui and He, Zhiqiang and others},
	journal={Journal of Medical Imaging and Health Informatics},
	volume={8},
	number={7},
	pages={1368--1373},
	year={2018},
	publisher={American Scientific Publishers}
}


@inproceedings{huang2016deep,
	title={Deep networks with stochastic depth},
	author={Huang, Gao and Sun, Yu and Liu, Zhuang and Sedra, Daniel and Weinberger, Kilian Q},
	booktitle={Computer Vision--ECCV 2016: 14th European Conference, Amsterdam, The Netherlands, October 11--14, 2016, Proceedings, Part IV 14},
	pages={646--661},
	year={2016},
	organization={Springer}
}


@article{clark2020electra,
	title={Electra: Pre-training text encoders as discriminators rather than generators},
	author={Clark, Kevin and Luong, Minh-Thang and Le, Quoc V and Manning, Christopher D},
	journal={arXiv preprint arXiv:2003.10555},
	year={2020}
}

@article{bao2021beit,
	title={Beit: Bert pre-training of image transformers},
	author={Bao, Hangbo and Dong, Li and Piao, Songhao and Wei, Furu},
	journal={arXiv preprint arXiv:2106.08254},
	year={2021}
}

@article{liu2021self,
	title={Self-supervised learning: Generative or contrastive},
	author={Liu, Xiao and Zhang, Fanjin and Hou, Zhenyu and Mian, Li and Wang, Zhaoyu and Zhang, Jing and Tang, Jie},
	journal={IEEE Transactions on Knowledge and Data Engineering},
	volume={35},
	number={1},
	pages={857--876},
	year={2021},
	publisher={IEEE}
}

@article{ba2016layer,
	title={Layer normalization},
	author={Ba, Jimmy Lei and Kiros, Jamie Ryan and Hinton, Geoffrey E},
	journal={arXiv preprint arXiv:1607.06450},
	year={2016}
}

@article{vaswani2017attention,
	title={Attention is all you need},
	author={Vaswani, Ashish and Shazeer, Noam and Parmar, Niki and Uszkoreit, Jakob and Jones, Llion and Gomez, Aidan N and Kaiser, {\L}ukasz and Polosukhin, Illia},
	journal={Advances in Neural Information Processing Systems},
	volume={30},
	year={2017}
}

@inproceedings{hou2022graphmae,
	title={GraphMAE: Self-Supervised Masked Graph Autoencoders},
	author={Hou, Zhenyu and Liu, Xiao and Cen, Yukuo and Dong, Yuxiao and Yang, Hongxia and Wang, Chunjie and Tang, Jie},
	booktitle={Proceedings of the 28th ACM SIGKDD Conference on Knowledge Discovery and Data Mining},
	pages={594--604},
	year={2022}
}

@article{liu2021self,
	title={Self-supervised learning: Generative or contrastive},
	author={Liu, Xiao and Zhang, Fanjin and Hou, Zhenyu and Mian, Li and Wang, Zhaoyu and Zhang, Jing and Tang, Jie},
	journal={IEEE Transactions on Knowledge and Data Engineering},
	volume={35},
	number={1},
	pages={857--876},
	year={2021},
	publisher={IEEE}
}




@inproceedings{xie2022simmim,
	title={Simmim: A simple framework for masked image modeling},
	author={Xie, Zhenda and Zhang, Zheng and Cao, Yue and Lin, Yutong and Bao, Jianmin and Yao, Zhuliang and Dai, Qi and Hu, Han},
	booktitle={Proceedings of the IEEE/CVF Conference on Computer Vision and Pattern Recognition},
	pages={9653--9663},
	year={2022}
}

@inproceedings{deng2009imagenet,
	title={Imagenet: A large-scale hierarchical image database},
	author={Deng, Jia and Dong, Wei and Socher, Richard and Li, Li-Jia and Li, Kai and Fei-Fei, Li},
	booktitle={2009 IEEE Conference on Computer Vision and Pattern Recognition},
	pages={248--255},
	year={2009},
	organization={IEEE}
}


@article{brown2020language,
	title={Language models are few-shot learners},
	author={Brown, Tom and Mann, Benjamin and Ryder, Nick and Subbiah, Melanie and Kaplan, Jared D and Dhariwal, Prafulla and Neelakantan, Arvind and Shyam, Pranav and Sastry, Girish and Askell, Amanda and others},
	journal={Advances in neural information processing systems},
	volume={33},
	pages={1877--1901},
	year={2020}
}


@inproceedings{kenton2019bert,
	title={BERT: Pre-training of Deep Bidirectional Transformers for Language Understanding},
	author={Kenton, Jacob Devlin Ming-Wei Chang and Toutanova, Lee Kristina},
	booktitle={Proceedings of NAACL-HLT},
	pages={4171--4186},
	year={2019}
}


@article{khan2022transformers,
	title={Transformers in vision: A survey},
	author={Khan, Salman and Naseer, Muzammal and Hayat, Munawar and Zamir, Syed Waqas and Khan, Fahad Shahbaz and Shah, Mubarak},
	journal={ACM Computing Surveys (CSUR)},
	volume={54},
	number={10s},
	pages={1--41},
	year={2022},
	publisher={ACM New York, NY}
}

@article{han2022survey,
	title={A survey on vision transformer},
	author={Han, Kai and Wang, Yunhe and Chen, Hanting and Chen, Xinghao and Guo, Jianyuan and Liu, Zhenhua and Tang, Yehui and Xiao, An and Xu, Chunjing and Xu, Yixing and others},
	journal={IEEE Transactions on Pattern Analysis and Machine Intelligence},
	volume={45},
	number={1},
	pages={87--110},
	year={2022},
	publisher={IEEE}
}


@inproceedings{liu2021swin,
	title={Swin transformer: Hierarchical vision transformer using shifted windows},
	author={Liu, Ze and Lin, Yutong and Cao, Yue and Hu, Han and Wei, Yixuan and Zhang, Zheng and Lin, Stephen and Guo, Baining},
	booktitle={Proceedings of the IEEE/CVF international conference on computer vision},
	pages={10012--10022},
	year={2021}
}

@article{dosovitskiy2020image,
	title={An image is worth 16x16 words: Transformers for image recognition at scale},
	author={Dosovitskiy, Alexey and Beyer, Lucas and Kolesnikov, Alexander and Weissenborn, Dirk and Zhai, Xiaohua and Unterthiner, Thomas and Dehghani, Mostafa and Minderer, Matthias and Heigold, Georg and Gelly, Sylvain and others},
	journal={arXiv preprint arXiv:2010.11929},
	year={2020}
}


@article{ko2020detection,
	title={Detection of hypertrophic cardiomyopathy using a convolutional neural network-enabled electrocardiogram},
	author={Ko, Wei-Yin and Siontis, Konstantinos C and Attia, Zachi I and Carter, Rickey E and Kapa, Suraj and Ommen, Steve R and Demuth, Steven J and Ackerman, Michael J and Gersh, Bernard J and Arruda-Olson, Adelaide M and others},
	journal={Journal of the American College of Cardiology},
	volume={75},
	number={7},
	pages={722--733},
	year={2020},
	publisher={American College of Cardiology Foundation Washington DC}
}

@article{attia2019prospective,
	title={Prospective validation of a deep learning electrocardiogram algorithm for the detection of left ventricular systolic dysfunction},
	author={Attia, Zachi I and Kapa, Suraj and Yao, Xiaoxi and Lopez-Jimenez, Francisco and Mohan, Tarun L and Pellikka, Patricia A and Carter, Rickey E and Shah, Nilay D and Friedman, Paul A and Noseworthy, Peter A},
	journal={Journal of Cardiovascular Electrophysiology},
	volume={30},
	number={5},
	pages={668--674},
	year={2019},
	publisher={Wiley Online Library}
}

@article{attia2019screening,
	title={Screening for cardiac contractile dysfunction using an artificial intelligence--enabled electrocardiogram},
	author={Attia, Zachi I and Kapa, Suraj and Lopez-Jimenez, Francisco and McKie, Paul M and Ladewig, Dorothy J and Satam, Gaurav and Pellikka, Patricia A and Enriquez-Sarano, Maurice and Noseworthy, Peter A and Munger, Thomas M and others},
	journal={Nature Medicine},
	volume={25},
	number={1},
	pages={70--74},
	year={2019},
	publisher={Nature Publishing Group US New York}
}

@article{ribeiro2020automatic,
	title={Automatic diagnosis of the 12-lead ECG using a deep neural network},
	author={Ribeiro, Ant{\^o}nio H and Ribeiro, Manoel Horta and Paix{\~a}o, Gabriela MM and Oliveira, Derick M and Gomes, Paulo R and Canazart, J{\'e}ssica A and Ferreira, Milton PS and Andersson, Carl R and Macfarlane, Peter W and Meira Jr, Wagner and others},
	journal={Nature Communications},
	volume={11},
	number={1},
	pages={1760},
	year={2020},
	publisher={Nature Publishing Group UK London}
}

@article{hughes2021performance,
	title={Performance of a convolutional neural network and explainability technique for 12-lead electrocardiogram interpretation},
	author={Hughes, J Weston and Olgin, Jeffrey E and Avram, Robert and Abreau, Sean A and Sittler, Taylor and Radia, Kaahan and Hsia, Henry and Walters, Tomos and Lee, Byron and Gonzalez, Joseph E and others},
	journal={JAMA Cardiology},
	volume={6},
	number={11},
	pages={1285--1295},
	year={2021},
	publisher={American Medical Association}
}

@article{hannun2019cardiologist,
	title={Cardiologist-level arrhythmia detection and classification in ambulatory electrocardiograms using a deep neural network},
	author={Hannun, Awni Y and Rajpurkar, Pranav and Haghpanahi, Masoumeh and Tison, Geoffrey H and Bourn, Codie and Turakhia, Mintu P and Ng, Andrew Y},
	journal={Nature Medicine},
	volume={25},
	number={1},
	pages={65--69},
	year={2019},
	publisher={Nature Publishing Group US New York}
}


@article{somani2021deep,
	title={Deep learning and the electrocardiogram: review of the current state-of-the-art},
	author={Somani, Sulaiman and Russak, Adam J and Richter, Felix and Zhao, Shan and Vaid, Akhil and Chaudhry, Fayzan and De Freitas, Jessica K and Naik, Nidhi and Miotto, Riccardo and Nadkarni, Girish N and others},
	journal={EP Europace},
	volume={23},
	number={8},
	pages={1179--1191},
	year={2021},
	publisher={Oxford University Press}
}

@article{feichtenhofer2022masked,
	title={Masked autoencoders as spatiotemporal learners},
	author={Feichtenhofer, Christoph and Fan, Haoqi and Li, Yanghao and He, Kaiming},
	journal={arXiv preprint arXiv:2205.09113},
	year={2022}
}

@inproceedings{yao2022outpainting,
	title={Outpainting by queries},
	author={Yao, Kai and Gao, Penglei and Yang, Xi and Sun, Jie and Zhang, Rui and Huang, Kaizhu},
	booktitle={Computer Vision--ECCV 2022: 17th European Conference, Tel Aviv, Israel, October 23--27, 2022, Proceedings, Part XXIII},
	pages={153--169},
	year={2022},
	organization={Springer}
}

@article{bandara2022adamae,
	title={AdaMAE: Adaptive Masking for Efficient Spatiotemporal Learning with Masked Autoencoders},
	author={Bandara, Wele Gedara Chaminda and Patel, Naman and Gholami, Ali and Nikkhah, Mehdi and Agrawal, Motilal and Patel, Vishal M},
	journal={arXiv preprint arXiv:2211.09120},
	year={2022}
}


@article{ma2022facial,
	title={Facial Action Unit Detection and Intensity Estimation from Self-supervised Representation},
	author={Ma, Bowen and An, Rudong and Zhang, Wei and Ding, Yu and Zhao, Zeng and Zhang, Rongsheng and Lv, Tangjie and Fan, Changjie and Hu, Zhipeng},
	journal={arXiv preprint arXiv:2210.15878},
	year={2022}
}

@article{strodthoff2020deep,
	title={Deep learning for ECG analysis: Benchmarks and insights from PTB-XL},
	author={Strodthoff, Nils and Wagner, Patrick and Schaeffter, Tobias and Samek, Wojciech},
	journal={IEEE Journal of Biomedical and Health Informatics},
	volume={25},
	number={5},
	pages={1519--1528},
	year={2020},
	publisher={IEEE}
}

@article{bagui2021resampling,
	title={Resampling imbalanced data for network intrusion detection datasets},
	author={Bagui, Sikha and Li, Kunqi},
	journal={Journal of Big Data},
	volume={8},
	number={1},
	pages={1--41},
	year={2021},
	publisher={SpringerOpen}
}



@inproceedings{li2021bat,
	title={BaT: Beat-aligned Transformer for Electrocardiogram Classification},
	author={Li, Xiaoyu and Li, Chen and Wei, Yuhua and Sun, Yuyao and Wei, Jishang and Li, Xiang and Qian, Buyue},
	booktitle={2021 IEEE International Conference on Data Mining (ICDM)},
	pages={320--329},
	year={2021},
	organization={IEEE}
}

@article{zhang2022maefe,
	title={MaeFE: Masked Autoencoders Family of Electrocardiogram for Self-Supervised Pretraining and Transfer Learning},
	author={Zhang, Huaicheng and Liu, Wenhan and Shi, Jiguang and Chang, Sheng and Wang, Hao and He, Jin and Huang, Qijun},
	journal={IEEE Transactions on Instrumentation and Measurement},
	volume={72},
	pages={1--15},
	year={2022},
	publisher={IEEE}
}

@article{chen2021clecg,
	title={CLECG: A novel contrastive learning framework for electrocardiogram arrhythmia classification},
	author={Chen, Hui and Wang, Guijin and Zhang, Guodong and Zhang, Ping and Yang, Huazhong},
	journal={IEEE Signal Processing Letters},
	volume={28},
	pages={1993--1997},
	year={2021},
	publisher={IEEE}
}

@inproceedings{hu2018squeeze,
	title={Squeeze-and-excitation networks},
	author={Hu, Jie and Shen, Li and Sun, Gang},
	booktitle={Proceedings of the IEEE conference on computer vision and pattern recognition},
	pages={7132--7141},
	year={2018}
}


@article{gao2019res2net,
	title={Res2net: A new multi-scale backbone architecture},
	author={Gao, Shang-Hua and Cheng, Ming-Ming and Zhao, Kai and Zhang, Xin-Yu and Yang, Ming-Hsuan and Torr, Philip},
	journal={IEEE transactions on pattern analysis and machine intelligence},
	volume={43},
	number={2},
	pages={652--662},
	year={2019},
	publisher={IEEE}
}


@article{krishnan2022self,
	title={Self-supervised learning in medicine and healthcare},
	author={Krishnan, Rayan and Rajpurkar, Pranav and Topol, Eric J},
	journal={Nature Biomedical Engineering},
	pages={1--7},
	year={2022},
	publisher={Nature Publishing Group}
}


@article{liu2021self,
	title={Self-supervised learning: Generative or contrastive},
	author={Liu, Xiao and Zhang, Fanjin and Hou, Zhenyu and Mian, Li and Wang, Zhaoyu and Zhang, Jing and Tang, Jie},
	journal={IEEE Transactions on Knowledge and Data Engineering},
	year={2021},
	publisher={IEEE}
}



@inproceedings{yang2022masked,
	title={Masked Autoencoder for ECG Representation Learning},
	author={Yang, Shunxiang and Lian, Cheng and Zeng, Zhigang},
	booktitle={2022 12th International Conference on Information Science and Technology (ICIST)},
	pages={95--98},
	year={2022},
	organization={IEEE}
}


@article{mehari2022self,
	title={Self-supervised representation learning from 12-lead ECG data},
	author={Mehari, Temesgen and Strodthoff, Nils},
	journal={Computers in Biology and Medicine},
	volume={141},
	pages={105114},
	year={2022},
	publisher={Elsevier}
}

@inproceedings{oh2022lead,
	title={Lead-agnostic Self-supervised Learning for Local and Global Representations of Electrocardiogram},
	author={Oh, Jungwoo and Chung, Hyunseung and Kwon, Joon-myoung and Hong, Dong-gyun and Choi, Edward},
	booktitle={Conference on Health, Inference, and Learning},
	pages={338--353},
	year={2022},
	organization={PMLR}
}

@inproceedings{kiyasseh2021clocs,
	title={Clocs: Contrastive learning of cardiac signals across space, time, and patients},
	author={Kiyasseh, Dani and Zhu, Tingting and Clifton, David A},
	booktitle={International Conference on Machine Learning},
	pages={5606--5615},
	year={2021},
	organization={PMLR}
}

@article{chen2021clecg,
	title={CLECG: A Novel Contrastive Learning Framework for Electrocardiogram Arrhythmia Classification},
	author={Chen, Hui and Wang, Guijin and Zhang, Guodong and Zhang, Ping and Yang, Huazhong},
	journal={IEEE Signal Processing Letters},
	volume={28},
	pages={1993--1997},
	year={2021},
	publisher={IEEE}
}
@inproceedings{li2021bat,
	title={BaT: Beat-aligned Transformer for Electrocardiogram Classification},
	author={Li, Xiaoyu and Li, Chen and Wei, Yuhua and Sun, Yuyao and Wei, Jishang and Li, Xiang and Qian, Buyue},
	booktitle={2021 IEEE International Conference on Data Mining (ICDM)},
	pages={320--329},
	year={2021},
	organization={IEEE}
}


@article{chen2021clecg,
	title={CLECG: A Novel Contrastive Learning Framework for Electrocardiogram Arrhythmia Classification},
	author={Chen, Hui and Wang, Guijin and Zhang, Guodong and Zhang, Ping and Yang, Huazhong},
	journal={IEEE Signal Processing Letters},
	volume={28},
	pages={1993--1997},
	year={2021},
	publisher={IEEE}
}
@inproceedings{reyna2021will,
	title={Will two do? Varying dimensions in electrocardiography: the PhysioNet/Computing in Cardiology Challenge 2021},
	author={Reyna, Matthew A and Sadr, Nadi and Alday, Erick A Perez and Gu, Annie and Shah, Amit J and Robichaux, Chad and Rad, Ali Bahrami and Elola, Andoni and Seyedi, Salman and Ansari, Sardar and others},
	booktitle={2021 Computing in Cardiology (CinC)},
	volume={48},
	pages={1--4},
	year={2021},
	organization={IEEE}
}



@inproceedings{xie2022simmim,
	title={Simmim: A simple framework for masked image modeling},
	author={Xie, Zhenda and Zhang, Zheng and Cao, Yue and Lin, Yutong and Bao, Jianmin and Yao, Zhuliang and Dai, Qi and Hu, Han},
	booktitle={Proceedings of the IEEE/CVF Conference on Computer Vision and Pattern Recognition},
	pages={9653--9663},
	year={2022}
}



@inproceedings{wong2021multilabel,
	title={Multilabel 12-lead electrocardiogram classification using beat to sequence autoencoders},
	author={Wong, Alexander William and Salimi, Amir and Hindle, Abram and Kalmady, Sunil Vasu and Kaul, Padma},
	booktitle={ICASSP 2021-2021 IEEE International Conference on Acoustics, Speech and Signal Processing (ICASSP)},
	pages={1270--1274},
	year={2021},
	organization={IEEE}
}

@inproceedings{li2021bat,
	title={BaT: Beat-aligned Transformer for Electrocardiogram Classification},
	author={Li, Xiaoyu and Li, Chen and Wei, Yuhua and Sun, Yuyao and Wei, Jishang and Li, Xiang and Qian, Buyue},
	booktitle={2021 IEEE International Conference on Data Mining (ICDM)},
	pages={320--329},
	year={2021},
	organization={IEEE}
}



@article{dosovitskiy2020image,
	title={An image is worth 16x16 words: Transformers for image recognition at scale},
	author={Dosovitskiy, Alexey and Beyer, Lucas and Kolesnikov, Alexander and Weissenborn, Dirk and Zhai, Xiaohua and Unterthiner, Thomas and Dehghani, Mostafa and Minderer, Matthias and Heigold, Georg and Gelly, Sylvain and others},
	journal={arXiv preprint arXiv:2010.11929},
	year={2020}
}


@inproceedings{heo2021rethinking,
	title={Rethinking spatial dimensions of vision transformers},
	author={Heo, Byeongho and Yun, Sangdoo and Han, Dongyoon and Chun, Sanghyuk and Choe, Junsuk and Oh, Seong Joon},
	booktitle={Proceedings of the IEEE/CVF International Conference on Computer Vision},
	pages={11936--11945},
	year={2021}
}


@inproceedings{touvron2021training,
	title={Training data-efficient image transformers \& distillation through attention},
	author={Touvron, Hugo and Cord, Matthieu and Douze, Matthijs and Massa, Francisco and Sablayrolles, Alexandre and J{\'e}gou, Herv{\'e}},
	booktitle={International Conference on Machine Learning},
	pages={10347--10357},
	year={2021},
	organization={PMLR}
}



@article{ribeiro2020automatic,
	title={Automatic diagnosis of the 12-lead ECG using a deep neural network},
	author={Ribeiro, Ant{\^o}nio H and Ribeiro, Manoel Horta and Paix{\~a}o, Gabriela MM and Oliveira, Derick M and Gomes, Paulo R and Canazart, J{\'e}ssica A and Ferreira, Milton PS and Andersson, Carl R and Macfarlane, Peter W and Meira Jr, Wagner and others},
	journal={Nature communications},
	volume={11},
	number={1},
	pages={1--9},
	year={2020},
	publisher={Nature Publishing Group}
}


@article{dosovitskiy2020image,
	title={An image is worth 16x16 words: Transformers for image recognition at scale},
	author={Dosovitskiy, Alexey and Beyer, Lucas and Kolesnikov, Alexander and Weissenborn, Dirk and Zhai, Xiaohua and Unterthiner, Thomas and Dehghani, Mostafa and Minderer, Matthias and Heigold, Georg and Gelly, Sylvain and others},
	journal={arXiv preprint arXiv:2010.11929},
	year={2020}
}

@article{zha2022time,
	title={Time Series Generation with Masked Autoencoder},
	author={Zha, Mengyue},
	journal={arXiv preprint arXiv:2201.07006},
	year={2022}
}

@article{ribeiro2020automatic,
	title={Automatic diagnosis of the 12-lead ECG using a deep neural network},
	author={Ribeiro, Ant{\^o}nio H and Ribeiro, Manoel Horta and Paix{\~a}o, Gabriela MM and Oliveira, Derick M and Gomes, Paulo R and Canazart, J{\'e}ssica A and Ferreira, Milton PS and Andersson, Carl R and Macfarlane, Peter W and Meira Jr, Wagner and others},
	journal={Nature communications},
	volume={11},
	number={1},
	pages={1--9},
	year={2020},
	publisher={Nature Publishing Group}
}


@article{dosovitskiy2020image,
	title={An image is worth 16x16 words: Transformers for image recognition at scale},
	author={Dosovitskiy, Alexey and Beyer, Lucas and Kolesnikov, Alexander and Weissenborn, Dirk and Zhai, Xiaohua and Unterthiner, Thomas and Dehghani, Mostafa and Minderer, Matthias and Heigold, Georg and Gelly, Sylvain and others},
	journal={arXiv preprint arXiv:2010.11929},
	year={2020}
}


@inproceedings{he2021masked,
	title={Masked autoencoders are scalable vision learners},
	author={He, Kaiming and Chen, Xinlei and Xie, Saining and Li, Yanghao and Doll{\'a}r, Piotr and Girshick, Ross},
	booktitle={Proceedings of the IEEE/CVF Conference on Computer Vision and Pattern Recognition},
	pages={16000--16009},
	year={2022}
}



@article{cao2022understand,
	title={How to understand masked autoencoders},
	author={Cao, Shuhao and Xu, Peng and Clifton, David A},
	journal={arXiv preprint arXiv:2202.03670},
	year={2022}
}


@inproceedings{li2021bat,
	title={BaT: Beat-aligned Transformer for Electrocardiogram Classification},
	author={Li, Xiaoyu and Li, Chen and Wei, Yuhua and Sun, Yuyao and Wei, Jishang and Li, Xiang and Qian, Buyue},
	booktitle={2021 IEEE International Conference on Data Mining (ICDM)},
	pages={320--329},
	year={2021},
	organization={IEEE}
}

@article{siontis2021artificial,
	title={Artificial intelligence-enhanced electrocardiography in cardiovascular disease management},
	author={Siontis, Konstantinos C and Noseworthy, Peter A and Attia, Zachi I and Friedman, Paul A},
	journal={Nature Reviews Cardiology},
	volume={18},
	number={7},
	pages={465--478},
	year={2021},
	publisher={Nature Publishing Group}
}

@inproceedings{brophy2020synthesis,
	title={Synthesis of dependent multichannel ECG using generative adversarial networks},
	author={Brophy, Eoin},
	booktitle={Proceedings of the 29th ACM International Conference on Information \& Knowledge Management},
	pages={3229--3232},
	year={2020}
}


@article{thambawita2021deepfake,
	title={DeepFake electrocardiograms using generative adversarial networks are the beginning of the end for privacy issues in medicine},
	author={Thambawita, Vajira and Isaksen, Jonas L and Hicks, Steven A and Ghouse, Jonas and Ahlberg, Gustav and Linneberg, Allan and Grarup, Niels and Ellervik, Christina and Olesen, Morten Salling and Hansen, Torben and others},
	journal={Scientific reports},
	volume={11},
	number={1},
	pages={1--8},
	year={2021},
	publisher={Nature Publishing Group}
}

@article{attia2019screening,
	title={Screening for cardiac contractile dysfunction using an artificial intelligence--enabled electrocardiogram},
	author={Attia, Zachi I and Kapa, Suraj and Lopez-Jimenez, Francisco and McKie, Paul M and Ladewig, Dorothy J and Satam, Gaurav and Pellikka, Patricia A and Enriquez-Sarano, Maurice and Noseworthy, Peter A and Munger, Thomas M and others},
	journal={Nature medicine},
	volume={25},
	number={1},
	pages={70--74},
	year={2019},
	publisher={Nature Publishing Group}
}


@article{zheng2020optimal,
	title={Optimal multi-stage arrhythmia classification approach},
	author={Zheng, Jianwei and Chu, Huimin and Struppa, Daniele and Zhang, Jianming and Yacoub, Sir Magdi and El-Askary, Hesham and Chang, Anthony and Ehwerhemuepha, Louis and Abudayyeh, Islam and Barrett, Alexander and others},
	journal={Scientific Reports},
	volume={10},
	number={1},
	pages={1--17},
	year={2020},
	publisher={Nature Publishing Group}
}


@article{zheng202012,
	title={A 12-lead electrocardiogram database for arrhythmia research covering more than 10,000 patients},
	author={Zheng, Jianwei and Zhang, Jianming and Danioko, Sidy and Yao, Hai and Guo, Hangyuan and Rakovski, Cyril},
	journal={Scientific Data},
	volume={7},
	number={1},
	pages={1--8},
	year={2020},
	publisher={Nature Publishing Group}
}


@article{wagner2020ptb,
	title={PTB-XL, a large publicly available electrocardiography dataset},
	author={Wagner, Patrick and Strodthoff, Nils and Bousseljot, Ralf-Dieter and Kreiseler, Dieter and Lunze, Fatima I and Samek, Wojciech and Schaeffter, Tobias},
	journal={Scientific Data},
	volume={7},
	number={1},
	pages={1--15},
	year={2020},
	publisher={Nature Publishing Group}
}



@inproceedings{zerveas2021transformer,
	title={A transformer-based framework for multivariate time series representation learning},
	author={Zerveas, George and Jayaraman, Srideepika and Patel, Dhaval and Bhamidipaty, Anuradha and Eickhoff, Carsten},
	booktitle={Proceedings of the 27th ACM SIGKDD Conference on Knowledge Discovery \& Data Mining},
	pages={2114--2124},
	year={2021}
}


@article{macfarlane2014racial,
	title={Racial differences in the ECG—selected aspects},
	author={Macfarlane, PW and Katibi, IA and Hamde, ST and Singh, D and Clark, E and Devine, B and Francq, BG and Lloyd, S and Kumar, V},
	journal={Journal of electrocardiology},
	volume={47},
	number={6},
	pages={809--814},
	year={2014},
	publisher={Elsevier}
}

@article{hannun2019cardiologist,
	title={Cardiologist-level arrhythmia detection and classification in ambulatory electrocardiograms using a deep neural network},
	author={Hannun, Awni Y and Rajpurkar, Pranav and Haghpanahi, Masoumeh and Tison, Geoffrey H and Bourn, Codie and Turakhia, Mintu P and Ng, Andrew Y},
	journal={Nature Medicine},
	volume={25},
	number={1},
	pages={65--69},
	year={2019},
	publisher={Nature Publishing Group}
}

@book{smilde2005multi,
	title={Multi-way analysis: applications in the chemical sciences},
	author={Smilde, Age and Bro, Rasmus and Geladi, Paul},
	year={2005},
	publisher={John Wiley \& Sons}
}


@article{yuan2006model,
	title={Model selection and estimation in regression with grouped variables},
	author={Yuan, Ming and Lin, Yi},
	journal={Journal of the Royal Statistical Society: Series B (Statistical Methodology)},
	volume={68},
	number={1},
	pages={49--67},
	year={2006},
	publisher={Wiley Online Library}
}

@book{2008Optimization,
	title={Optimization Algorithms on Matrix Manifolds},
	author={ Absil, Pierre Antoine  and  Mahony, Robert  and  Sepulchre, Rodolphe },
	publisher={Princeton University Press},
	year={2008},
}


@article{teipel2015relative,
	title={The relative importance of imaging markers for the prediction of Alzheimer's disease dementia in mild cognitive impairment—beyond classical regression},
	author={Teipel, Stefan J and Kurth, Jens and Krause, Bernd and Grothe, Michel J and Alzheimer's Disease Neuroimaging Initiative and others},
	journal={NeuroImage: Clinical},
	volume={8},
	pages={583--593},
	year={2015},
	publisher={Elsevier}
}

@article{engebretsen2019statistical,
	title={Statistical predictions with glmnet},
	author={Engebretsen, Solveig and Bohlin, Jon},
	journal={Clinical Epigenetics},
	volume={11},
	number={1},
	pages={1--3},
	year={2019},
	publisher={BioMed Central}
}



@inproceedings{he2018boosted,
	author = {He, L and Wang, F and Chen, K and Xu, W and Zhou, J},
	booktitle = {Advances in Neural Information Processing Systems},
	pages = {1009--1018},
	title = {Boosted sparse and low-rank tensor regression},
	year = {2018}}

@article{li2016the,
	author = {Li, Xiangrui and Morgan, Paul S. and Ashburner, John and Smith, Jolinda and Rorden, Christopher},
	journal = {Journal of Neuroscience Methods},
	pages = {47--56},
	title = {The first step for neuroimaging data analysis: DICOM to NIfTI conversion},
	volume = {264},
	year = {2016}}

@article{minoshima1994posterior,
	author = {Minoshima, Satoshi and Foster, Norman L and Kuhl, David E},
	publisher = {Elsevier},
	title = {Posterior cingulate cortex in Alzheimer's disease},
	year = {1994}}

@article{teipel2002progression,
	author = {Teipel, Stefan J and Bayer, Wolfram and Alexander, Gene E and Zebuhr, York and Teichberg, Diane and Kulic, Luka and Schapiro, Marc B and M{\"o}ller, Hans-J{\"u}rgen and Rapoport, Stanley I and Hampel, Harald},
	journal = {Archives of Neurology},
	number = {2},
	pages = {243--248},
	publisher = {American Medical Association},
	title = {Progression of corpus callosum atrophy in Alzheimer disease},
	volume = {59},
	year = {2002}}

@article{newman2007increase,
	author = {Newman, Shelley F and Sultana, Rukhsana and Perluigi, Marzia and Coccia, Rafella and Cai, Jian and Pierce, William M and Klein, Jon B and Turner, Delano M and Butterfield, D Allan},
	journal = {Journal of neuroscience research},
	number = {7},
	pages = {1506--1514},
	publisher = {Wiley Online Library},
	title = {An increase in S-glutathionylated proteins in the Alzheimer's disease inferior parietal lobule, a proteomics approach},
	volume = {85},
	year = {2007}}

@article{spreng2010default,
	author = {Spreng, R Nathan and Stevens, W Dale and Chamberlain, Jon P and Gilmore, Adrian W and Schacter, Daniel L},
	journal = {Neuroimage},
	number = {1},
	pages = {303--317},
	publisher = {Elsevier},
	title = {Default network activity, coupled with the frontoparietal control network, supports goal-directed cognition},
	volume = {53},
	year = {2010}}

@article{davatzikos1996computerized,
	author = {Davatzikos, Christos and Vaillant, Marc and Resnick, Susan M and Prince, Jerry L and Letovsky, Stanley and Bryan, R Nick},
	journal = {Journal of Computer Assisted Tomography},
	number = {1},
	pages = {88--97},
	publisher = {LWW},
	title = {A computerized approach for morphological analysis of the corpus callosum},
	volume = {20},
	year = {1996}}

@article{xu2016activation,
	author = {Xu, Xiaoxiao and Yuan, Hong and Lei, Xu},
	journal = {Scientific reports},
	number = {1},
	pages = {1--10},
	publisher = {Nature Publishing Group},
	title = {Activation and connectivity within the default mode network contribute independently to future-oriented thought},
	volume = {6},
	year = {2016}}

@article{raichle2001default,
	author = {Raichle, Marcus E and MacLeod, Ann Mary and Snyder, Abraham Z and Powers, William J and Gusnard, Debra A and Shulman, Gordon L},
	journal = {Proceedings of the National Academy of Sciences},
	number = {2},
	pages = {676--682},
	publisher = {National Acad Sciences},
	title = {A default mode of brain function},
	volume = {98},
	year = {2001}}

@incollection{khosla20183d,
	author = {Khosla, Meenakshi and Jamison, Keith and Kuceyeski, Amy and Sabuncu, Mert R},
	booktitle = {Deep Learning in Medical Image Analysis and Multimodal Learning for Clinical Decision Support},
	pages = {137--145},
	publisher = {Springer},
	title = {3D convolutional neural networks for classification of functional connectomes},
	year = {2018}}

@article{huang2003linear,
	author = {Huang, Xiaohong and Pan, Wei},
	journal = {Bioinformatics},
	number = {16},
	pages = {2072--2078},
	publisher = {Oxford University Press},
	title = {Linear regression and two-class classification with gene expression data},
	volume = {19},
	year = {2003}}

@article{torre2010alzheimer,
	author = {Jack C. de la Torre},
	journal = {Journal of Alzheimer's Disease},
	number = {3},
	pages = {861--870},
	title = {Alzheimer's disease is incurable but preventable},
	volume = {20},
	year = {2010}}

@article{hao2019sparse,
	author = {Hao, Botao and Wang, Boxiang and Wang, Pengyuan and Zhang, Jingfei and Yang, Jian and Sun, Will Wei},
	date-added = {2021-02-11 14:10:17 -0600},
	date-modified = {2021-02-11 14:10:17 -0600},
	journal = {arXiv preprint arXiv:1904.00479},
	title = {Sparse tensor additive regression},
	year = {2019}}

@article{zhang2020islet,
	author = {Zhang, Anru R and Luo, Yuetian and Raskutti, Garvesh and Yuan, Ming},
	journal = {SIAM Journal on Mathematics of Data Science},
	number = {2},
	pages = {444--479},
	publisher = {SIAM},
	title = {ISLET: Fast and optimal low-rank tensor regression via importance sketching},
	volume = {2},
	year = {2020}}

@article{hlavackova2010new,
	author = {Hlav{\'a}ckov{\'a}-Schindler, Katerina},
	date-added = {2021-01-20 19:23:30 +0800},
	date-modified = {2021-01-20 19:23:30 +0800},
	journal = {Applied Mathematical Sciences},
	number = {64},
	pages = {3189--3193},
	title = {A new lower bound for the minimal singular value for real non-singular matrices by a matrix norm and determinant},
	volume = {4},
	year = {2010}}

@inproceedings{zhang2017classification,
	author = {Zhang, Bo and Zhou, Hua and Wang, Liwei and Sung, Chul},
	booktitle = {2017 International Joint Conference on Neural Networks (IJCNN)},
	date-added = {2021-02-13 00:24:12 +0800},
	date-modified = {2021-02-13 00:24:12 +0800},
	organization = {IEEE},
	pages = {1174--1179},
	title = {Classification based on neuroimaging data by tensor boosting},
	year = {2017}}

@article{zhang2019tensor,
	author = {Zhang, Xiang and Li, Lexin and Zhou, Hua and Zhou, Yeqing and Shen, Dinggang and others},
	date-added = {2021-02-13 00:33:32 +0800},
	date-modified = {2021-02-13 00:33:32 +0800},
	journal = {Statistica Sinica},
	number = {4},
	pages = {1977-2005},
	publisher = {NIH Public Access},
	title = {Tensor generalized estimating equations for longitudinal imaging analysis},
	volume = {29},
	year = {2019}}

@article{zhang2018islet,
	author = {Zhang, Anru R and Luo, Yuetian and Raskutti, Garvesh and Yuan, Ming},
	date-added = {2021-02-13 00:06:17 +0800},
	date-modified = {2021-02-13 00:06:17 +0800},
	title = {Supplement to"ISLET: Fast and optimal low-rank tensor regression via importance sketching"},
	year = {2018}}

@article{funahashi1993dorsolateral,
	author = {Funahashi, Shintaro and Bruce, Charles J and Goldman-Rakic, Patricia S},
	date-added = {2021-02-13 09:57:27 +0800},
	date-modified = {2021-02-13 09:57:27 +0800},
	journal = {Journal of Neuroscience},
	number = {4},
	pages = {1479--1497},
	publisher = {Soc Neuroscience},
	title = {Dorsolateral prefrontal lesions and oculomotor delayed-response performance: evidence for mnemonic" scotomas"},
	volume = {13},
	year = {1993}}

@article{curtis2003persistent,
	author = {Curtis, Clayton E and D'Esposito, Mark},
	date-added = {2021-02-13 10:04:52 +0800},
	date-modified = {2021-02-13 10:04:52 +0800},
	journal = {Trends in cognitive sciences},
	number = {9},
	pages = {415--423},
	publisher = {Elsevier},
	title = {Persistent activity in the prefrontal cortex during working memory},
	volume = {7},
	year = {2003}}

@article{mcnab2008prefrontal,
	author = {McNab, Fiona and Klingberg, Torkel},
	date-added = {2021-02-13 10:06:46 +0800},
	date-modified = {2021-02-13 10:06:46 +0800},
	journal = {Nature neuroscience},
	number = {1},
	pages = {103--107},
	publisher = {Nature Publishing Group},
	title = {Prefrontal cortex and basal ganglia control access to working memory},
	volume = {11},
	year = {2008}}

@article{salat2001selective,
	author = {Salat, David H and Kaye, Jeffrey A and Janowsky, Jeri S},
	date-added = {2021-02-13 10:26:04 +0800},
	date-modified = {2021-02-13 10:26:04 +0800},
	journal = {Archives of Neurology},
	number = {9},
	pages = {1403--1408},
	publisher = {American Medical Association},
	title = {Selective preservation and degeneration within the prefrontal cortex in aging and Alzheimer disease},
	volume = {58},
	year = {2001}}

@article{kashani2008loss,
	author = {Kashani, Alireza and Lepicard, Eve and Poirel, Odile and Videau, Catherine and David, Jean Philippe and Fallet-Bianco, Catherine and Simon, Axelle and Delacourte, Andr{\'e} and Giros, Bruno and Epelbaum, Jacques and others},
	date-added = {2021-02-13 10:26:52 +0800},
	date-modified = {2021-02-13 10:26:52 +0800},
	journal = {Neurobiology of aging},
	number = {11},
	pages = {1619--1630},
	publisher = {Elsevier},
	title = {Loss of VGLUT1 and VGLUT2 in the prefrontal cortex is correlated with cognitive decline in Alzheimer disease},
	volume = {29},
	year = {2008}}

@article{kumar2017extent,
	author = {Kumar, Sanjeev and Zomorrodi, Reza and Ghazala, Zaid and Goodman, Michelle S and Blumberger, Daniel M and Cheam, Amay and Fischer, Corinne and Daskalakis, Zafiris J and Mulsant, Benoit H and Pollock, Bruce G and others},
	date-added = {2021-02-13 10:29:54 +0800},
	date-modified = {2021-02-13 10:29:54 +0800},
	journal = {JAMA psychiatry},
	number = {12},
	pages = {1266--1274},
	publisher = {American Medical Association},
	title = {Extent of dorsolateral prefrontal cortex plasticity and its association with working memory in patients with Alzheimer disease},
	volume = {74},
	year = {2017}}

@article{di2010vivo,
	author = {Di Paola, Margherita and Spalletta, Gianfranco and Caltagirone, Carlo},
	date-added = {2021-02-13 02:39:02 +0800},
	date-modified = {2021-02-13 02:39:02 +0800},
	journal = {Journal of Alzheimer's disease},
	number = {1},
	pages = {67--95},
	publisher = {IOS Press},
	title = {In vivo structural neuroanatomy of corpus callosum in Alzheimer's disease and mild cognitive impairment using different MRI techniques: a review},
	volume = {20},
	year = {2010}}

@article{park2008corpus,
	author = {Park, Hae-Jeong and Kim, Jae Jin and Lee, Seung-Koo and Seok, Jeong Ho and Chun, Jiwon and Kim, Dong Ik and Lee, Jong Doo},
	date-added = {2021-02-13 12:09:01 +0800},
	date-modified = {2021-02-13 12:09:01 +0800},
	journal = {Human brain mapping},
	number = {5},
	pages = {503--516},
	publisher = {Wiley Online Library},
	title = {Corpus callosal connection mapping using cortical gray matter parcellation and DT-MRI},
	volume = {29},
	year = {2008}}

@article{seghier2013angular,
	author = {Seghier, Mohamed L},
	date-added = {2021-02-13 12:11:29 +0800},
	date-modified = {2021-02-13 12:11:29 +0800},
	journal = {The Neuroscientist},
	number = {1},
	pages = {43--61},
	publisher = {Sage Publications Sage CA: Los Angeles, CA},
	title = {The angular gyrus: multiple functions and multiple subdivisions},
	volume = {19},
	year = {2013}}

@article{de2008tensor,
	author = {De Silva, Vin and Lim, Lek-Heng},
	date-added = {2020-03-16 20:54:01 +0800},
	date-modified = {2020-03-16 20:54:01 +0800},
	journal = {SIAM Journal on Matrix Analysis and Applications},
	number = {3},
	pages = {1084--1127},
	publisher = {SIAM},
	title = {Tensor rank and the ill-posedness of the best low-rank approximation problem},
	volume = {30},
	year = {2008}}

@article{buckner2008brain,
	author = {Buckner, Randy L and Andrews-Hanna, Jessica R and Schacter, Daniel L},
	publisher = {Blackwell Publishing},
	title = {The brain's default network: anatomy, function, and relevance to disease.},
	year = {2008}}

@article{2018Multiscale,
	author = {Lu, Donghuan and Popuri, Karteek and Ding, Gavin Weiguang and Balachandar, Rakesh and Beg, Mirza Faisal},
	journal = {Medical Image Analysis},
	pages = {26--34},
	title = {Multiscale Deep Neural Networks based analysis of FDG-PET images for the Early Diagnosis of Alzheimer's Disease},
	year = {2018}}

@article{fan2014nonparametric,
	author = {Fan, Jianqing and Ma, Yunbei and Dai, Wei},
	date-added = {2021-02-14 01:14:25 +0800},
	date-modified = {2021-02-14 01:14:25 +0800},
	journal = {Journal of the American Statistical Association},
	number = {507},
	pages = {1270--1284},
	publisher = {Taylor \& Francis},
	title = {Nonparametric independence screening in sparse ultra-high-dimensional varying coefficient models},
	volume = {109},
	year = {2014}}

@article{wang2014global,
	author = {Wang, Liqi and Chu, Moody T},
	date-added = {2021-01-25 00:15:23 +0800},
	date-modified = {2021-01-25 00:15:23 +0800},
	journal = {SIAM Journal on Matrix Analysis and Applications},
	number = {3},
	pages = {1058--1072},
	publisher = {SIAM},
	title = {On the global convergence of the alternating least squares method for rank-one approximation to generic tensors},
	volume = {35},
	year = {2014}}

@article{keller1981geometrically,
	author = {Keller, Herbert B},
	date-added = {2021-01-24 23:19:45 +0800},
	date-modified = {2021-01-24 23:19:45 +0800},
	journal = {SIAM Journal on Numerical Analysis},
	number = {5},
	pages = {822--838},
	publisher = {SIAM},
	title = {Geometrically isolated nonisolated solutions and their approximation},
	volume = {18},
	year = {1981}}

@article{wang2020learning,
	author = {Wang, Miaoyan and Li, Lexin},
	date-added = {2021-01-24 12:35:21 +0800},
	date-modified = {2021-01-24 12:35:21 +0800},
	journal = {Journal of Machine Learning Research},
	number = {154},
	pages = {1--38},
	title = {Learning from binary multiway data: Probabilistic tensor decomposition and its statistical optimality},
	volume = {21},
	year = {2020}}

@article{2011Nonparametric,
	author = {Fan, J and Feng, Y and Song, R},
	date-added = {2021-01-19 08:19:47 +0800},
	date-modified = {2021-01-19 08:19:47 +0800},
	journal = {Publications of the American Statistical Association},
	number = {494},
	pages = {544-557},
	title = {Nonparametric Independence Screening in Sparse Ultra-High Dimensional Additive Models},
	volume = {106},
	year = {2011}}

@article{de1973spline,
	author = {de Boor, Carl and Fix, GJ},
	date-added = {2021-01-13 00:10:55 +0800},
	date-modified = {2021-01-13 00:10:55 +0800},
	journal = {Journal of Approximation Theory},
	number = {1},
	pages = {19--45},
	publisher = {Academic Press},
	title = {Spline approximation by quasiinterpolants},
	volume = {8},
	year = {1973}}

@article{yang2015minimax,
	author = {Yang, Yun and Tokdar, Surya T},
	date-added = {2020-12-27 19:22:25 +0800},
	date-modified = {2020-12-27 19:22:25 +0800},
	journal = {The Annals of Statistics},
	number = {2},
	pages = {652--674},
	publisher = {Institute of Mathematical Statistics},
	title = {Minimax-optimal nonparametric regression in high dimensions},
	volume = {43},
	year = {2015}}

@article{yang1999information,
	author = {Yang, Yuhong and Barron, Andrew},
	date-added = {2020-10-30 11:32:03 +0800},
	date-modified = {2020-10-30 11:32:03 +0800},
	journal = {The Annals of Statistics},
	pages = {1564--1599},
	publisher = {JSTOR},
	title = {Information-theoretic determination of minimax rates of convergence},
	year = {1999}}

@inproceedings{suzuki2015convergence,
	author = {Suzuki, Taiji},
	booktitle = {International Conference on Machine Learning},
	date-added = {2020-10-30 10:57:21 +0800},
	date-modified = {2020-10-30 10:57:21 +0800},
	pages = {1273--1282},
	title = {Convergence rate of Bayesian tensor estimator and its minimax optimality},
	year = {2015}}

@article{friedman2010regularization,
	author = {Friedman, Jerome and Hastie, Trevor and Tibshirani, Rob},
	date-added = {2019-12-02 20:37:58 -0600},
	date-modified = {2019-12-02 20:38:25 -0600},
	journal = {Journal of Statistical Software},
	number = {1},
	pages = {1-22},
	publisher = {NIH Public Access},
	title = {Regularization paths for generalized linear models via coordinate descent},
	volume = {33},
	year = {2010}}

@article{marra2011practical,
	author = {Marra, Giampiero and Wood, Simon N},
	date-added = {2019-10-28 03:42:06 +0000},
	date-modified = {2019-10-28 03:42:06 +0000},
	journal = {Computational Statistics \& Data Analysis},
	number = {7},
	pages = {2372--2387},
	publisher = {Elsevier},
	title = {Practical variable selection for generalized additive models},
	volume = {55},
	year = {2011}}

@article{eilers1996flexible,
	author = {Eilers, Paul HC and Marx, Brian D},
	date-added = {2019-10-28 02:39:18 +0000},
	date-modified = {2019-10-28 02:39:18 +0000},
	journal = {Statistical science},
	pages = {89--102},
	publisher = {JSTOR},
	title = {Flexible smoothing with B-splines and penalties},
	year = {1996}}

@book{wood2017generalized,
	address = {Boca Raton},
	author = {Wood, Simon N},
	date-added = {2019-10-28 01:53:46 +0000},
	date-modified = {2019-10-28 01:54:17 +0000},
	publisher = {Chapman and Hall/CRC},
	title = {Generalized additive models: An introduction with R},
	year = {2017}}

@article{wood2011fast,
	author = {Wood, Simon N},
	date-added = {2019-10-28 00:20:46 +0000},
	date-modified = {2019-10-28 00:20:46 +0000},
	journal = {Journal of the Royal Statistical Society: Series B (Statistical Methodology)},
	number = {1},
	pages = {3--36},
	publisher = {Wiley Online Library},
	title = {Fast stable restricted maximum likelihood and marginal likelihood estimation of semiparametric generalized linear models},
	volume = {73},
	year = {2011}}

@article{wood2016smoothing,
	author = {Wood, Simon N and Pya, Natalya and S{\"a}fken, Benjamin},
	date-added = {2019-10-27 23:35:25 +0000},
	date-modified = {2019-10-27 23:35:25 +0000},
	journal = {Journal of the American Statistical Association},
	number = {516},
	pages = {1548--1563},
	publisher = {Taylor \& Francis},
	title = {Smoothing parameter and model selection for general smooth models},
	volume = {111},
	year = {2016}}

@article{mcfarland1997spatial,
	author = {McFarland, Dennis J and McCane, Lynn M and David, Stephen V and Wolpaw, Jonathan R},
	date-added = {2019-10-10 15:17:45 +0000},
	date-modified = {2019-10-10 15:17:45 +0000},
	journal = {Electroencephalography and Clinical Neurophysiology},
	number = {3},
	pages = {386--394},
	publisher = {Elsevier},
	title = {Spatial filter selection for EEG-based communication},
	volume = {103},
	year = {1997}}

@book{Hastie-Tibshirani90,
	address = {London},
	author = {Hastie, Trevor J and Tibshirani, Robert J},
	date-added = {2019-09-16 21:18:07 -0500},
	date-modified = {2019-09-16 21:18:07 -0500},
	publisher = {CRC Press},
	title = {Generalized additive models},
	year = {1990}}

@article{Raskutti-Wainwright-Yu12,
	author = {Raskutti, Garvesh and Wainwright, Martin J and Yu, Bin},
	date-added = {2019-09-16 21:12:57 -0500},
	date-modified = {2019-09-16 21:13:01 -0500},
	journal = {The Journal of Machine Learning Research},
	pages = {389--427},
	title = {Minimax-optimal rates for sparse additive models over kernel classes via convex programming},
	volume = {13},
	year = {2012},
	Bdsk-File-1 = {YnBsaXN0MDDSAQIDBFxyZWxhdGl2ZVBhdGhZYWxpYXNEYXRhXxA9Li4vLi4vLi4vLi4vLi4vUGFwZXJzL1Jhc2t1dHRpLkcvUmFza3V0dGktV2FpbndyaWdodC1ZdTEyLnBkZk8RAZ4AAAAAAZ4AAgAADE1hY2ludG9zaCBIRAAAAAAAAAAAAAAAAAAAAAAAAABCRAAB/////xxSYXNrdXR0aS1XYWlud3JpZ2h0LVl1MTIucGRmAAAAAAAAAAAAAAAAAAAAAAAAAAAAAAAAAAAAAAAAAAAAAAD/////AAAAAAAAAAAAAAAAAAUAAwAACiBjdQAAAAAAAAAAAAAAAAAKUmFza3V0dGkuRwACAEQvOlVzZXJzOnJ3b25nOkRyb3Bib3g6UGFwZXJzOlJhc2t1dHRpLkc6UmFza3V0dGktV2FpbndyaWdodC1ZdTEyLnBkZgAOADoAHABSAGEAcwBrAHUAdAB0AGkALQBXAGEAaQBuAHcAcgBpAGcAaAB0AC0AWQB1ADEAMgAuAHAAZABmAA8AGgAMAE0AYQBjAGkAbgB0AG8AcwBoACAASABEABIAQlVzZXJzL3J3b25nL0Ryb3Bib3gvUGFwZXJzL1Jhc2t1dHRpLkcvUmFza3V0dGktV2FpbndyaWdodC1ZdTEyLnBkZgATAAEvAAAVAAIADP//AAAACAANABoAJABkAAAAAAAAAgEAAAAAAAAABQAAAAAAAAAAAAAAAAAAAgY=}}

@article{Meier-Van-De-Geer-Buhlmann09,
	author = {Meier, Lukas and Van De Geer, Sara and B{\"u}hlmann, Peter},
	date-added = {2019-09-16 21:11:29 -0500},
	date-modified = {2019-09-16 21:11:36 -0500},
	journal = {The Annals of Statistics},
	number = {6B},
	pages = {3779--3821},
	title = {High-dimensional additive modeling},
	volume = {37},
	year = {2009},
	Bdsk-File-1 = {YnBsaXN0MDDSAQIDBFxyZWxhdGl2ZVBhdGhZYWxpYXNEYXRhXxA+Li4vLi4vLi4vLi4vLi4vUGFwZXJzL01laWVyLkwvTWVpZXItVmFuLURlLUdlZXItQnVobG1hbm4wOS5wZGZPEQGoAAAAAAGoAAIAAAxNYWNpbnRvc2ggSEQAAAAAAAAAAAAAAAAAAAAAAAAAQkQAAf////8fTWVpZXItVmFuLURlLUdlZXItI0ZGRkZGRkZGLnBkZgAAAAAAAAAAAAAAAAAAAAAAAAAAAAAAAAAAAAAAAAAA/////wAAAAAAAAAAAAAAAAAFAAMAAAogY3UAAAAAAAAAAAAAAAAAB01laWVyLkwAAAIARS86VXNlcnM6cndvbmc6RHJvcGJveDpQYXBlcnM6TWVpZXIuTDpNZWllci1WYW4tRGUtR2Vlci1CdWhsbWFubjA5LnBkZgAADgBCACAATQBlAGkAZQByAC0AVgBhAG4ALQBEAGUALQBHAGUAZQByAC0AQgB1AGgAbABtAGEAbgBuADAAOQAuAHAAZABmAA8AGgAMAE0AYQBjAGkAbgB0AG8AcwBoACAASABEABIAQ1VzZXJzL3J3b25nL0Ryb3Bib3gvUGFwZXJzL01laWVyLkwvTWVpZXItVmFuLURlLUdlZXItQnVobG1hbm4wOS5wZGYAABMAAS8AABUAAgAM//8AAAAIAA0AGgAkAGUAAAAAAAACAQAAAAAAAAAFAAAAAAAAAAAAAAAAAAACEQ==}}

@article{Hu-Kong-Shen19,
	author = {Hu, Wei and Kong, Dehan and Shen, Weining},
	date-added = {2019-09-10 22:03:59 -0500},
	date-modified = {2019-09-10 22:03:59 -0500},
	journal = {arXiv preprint arXiv:1904.00495},
	title = {Nonparametric Matrix Response Regression with Application to Brain Imaging Data Analysis},
	year = {2019},
	Bdsk-File-1 = {YnBsaXN0MDDSAQIDBFxyZWxhdGl2ZVBhdGhZYWxpYXNEYXRhXxAtLi4vLi4vLi4vLi4vLi4vUGFwZXJzL0h1LlcvSHUtS29uZy1TaGVuMTkucGRmTxEBZAAAAAABZAACAAAMTWFjaW50b3NoIEhEAAAAAAAAAAAAAAAAAAAAAAAAAEJEAAH/////Ekh1LUtvbmctU2hlbjE5LnBkZgAAAAAAAAAAAAAAAAAAAAAAAAAAAAAAAAAAAAAAAAAAAAAAAAAAAAAAAAAAAP////8AAAAAAAAAAAAAAAAABQADAAAKIGN1AAAAAAAAAAAAAAAAAARIdS5XAAIANC86VXNlcnM6cndvbmc6RHJvcGJveDpQYXBlcnM6SHUuVzpIdS1Lb25nLVNoZW4xOS5wZGYADgAmABIASAB1AC0ASwBvAG4AZwAtAFMAaABlAG4AMQA5AC4AcABkAGYADwAaAAwATQBhAGMAaQBuAHQAbwBzAGgAIABIAEQAEgAyVXNlcnMvcndvbmcvRHJvcGJveC9QYXBlcnMvSHUuVy9IdS1Lb25nLVNoZW4xOS5wZGYAEwABLwAAFQACAAz//wAAAAgADQAaACQAVAAAAAAAAAIBAAAAAAAAAAUAAAAAAAAAAAAAAAAAAAG8}}

@inproceedings{kumar2009attribute,
	author = {Kumar, Neeraj and Berg, Alexander C and Belhumeur, Peter N and Nayar, Shree K},
	booktitle = {2009 IEEE 12th International Conference on Computer Vision},
	date-added = {2019-09-05 04:14:09 +0000},
	date-modified = {2019-09-05 04:14:09 +0000},
	organization = {IEEE},
	pages = {365--372},
	title = {Attribute and simile classifiers for face verification},
	year = {2009}}

@article{hastie2014glmnet,
	author = {Hastie, Trevor and Qian, Junyang},
	date-added = {2019-08-29 04:05:22 +0000},
	date-modified = {2019-08-29 04:05:22 +0000},
	journal = {Retrieve from http://www. web. stanford. edu/\~{} hastie/Papers/Glmnet\_Vignette. pdf. Accessed September},
	pages = {2016},
	title = {Glmnet vignette},
	volume = {20},
	year = {2014}}

@book{wainwright2019high,
	address = {Cambridge, UK},
	author = {Wainwright, Martin J},
	date-added = {2019-08-26 12:45:46 +0000},
	date-modified = {2019-08-26 12:54:58 +0000},
	publisher = {Cambridge University Press},
	title = {High-dimensional statistics: A non-asymptotic viewpoint},
	year = {2019}}

@inproceedings{farhadi2009describing,
	author = {Farhadi, Ali and Endres, Ian and Hoiem, Derek and Forsyth, David},
	booktitle = {2009 IEEE Conference on Computer Vision and Pattern Recognition},
	date-added = {2019-08-23 15:19:59 +0000},
	date-modified = {2019-08-23 15:19:59 +0000},
	organization = {IEEE},
	pages = {1778--1785},
	title = {Describing objects by their attributes},
	year = {2009}}

@article{tibshirani1996regression,
	author = {Tibshirani, Robert},
	date-added = {2019-08-22 04:42:35 +0000},
	date-modified = {2019-08-22 04:42:35 +0000},
	journal = {Journal of the Royal Statistical Society: Series B (Methodological)},
	number = {1},
	pages = {267--288},
	publisher = {Wiley Online Library},
	title = {Regression shrinkage and selection via the lasso},
	volume = {58},
	year = {1996}}

@article{yuan2011identifiability,
	author = {Yuan, Ming},
	date-added = {2019-08-12 07:09:24 +0000},
	date-modified = {2019-08-12 07:10:03 +0000},
	journal = {Statistica Sinica},
	number = {4},
	pages = {1901-1911},
	title = {On the identifiability of additive index models},
	volume = {21},
	year = {2011}}

@article{wang2015estimation,
	author = {Wang, Tao and Zhang, Jun and Liang, Hua and Zhu, Lixing},
	date-added = {2019-08-12 06:58:28 +0000},
	date-modified = {2019-08-12 06:58:28 +0000},
	journal = {Statistica Sinica},
	pages = {551--566},
	title = {ESTIMATION OF A GROUPWISE ADDITIVE MULTIPLE-INDEX MODEL AND ITS APPLICATIONS},
	volume = {25},
	year = {2015}}

@article{schwarz1978estimating,
	author = {Schwarz, Gideon and others},
	date-added = {2019-08-09 09:39:12 +0000},
	date-modified = {2019-08-09 09:39:12 +0000},
	journal = {The Annals of Statistics},
	number = {2},
	pages = {461--464},
	publisher = {Institute of Mathematical Statistics},
	title = {Estimating the dimension of a model},
	volume = {6},
	year = {1978}}

@book{shalev2014understanding,
	address = {New York},
	author = {Shalev-Shwartz, Shai and Ben-David, Shai},
	date-added = {2019-08-09 09:36:44 +0000},
	date-modified = {2019-08-12 02:58:30 +0000},
	publisher = {Cambridge University Press},
	title = {Understanding machine learning: From theory to algorithms},
	year = {2014}}

@article{de2000multilinear,
	author = {De Lathauwer, Lieven and De Moor, Bart and Vandewalle, Joos},
	date-added = {2019-08-06 03:34:34 +0000},
	date-modified = {2019-08-12 06:33:55 +0000},
	journal = {SIAM Journal on Matrix Analysis and Applications},
	number = {4},
	pages = {1253--1278},
	publisher = {SIAM},
	title = {A multilinear singular value decomposition},
	volume = {21},
	year = {2000}}

@article{selvan2012descent,
	author = {Selvan, Suviseshamuthu Easter and Amato, Umberto and Gallivan, Kyle A and Qi, Chunhong and Carfora, Maria Francesca and Larobina, Michele and Alfano, Bruno},
	date-added = {2019-07-29 03:47:02 +0000},
	date-modified = {2019-08-12 03:35:56 +0000},
	journal = {IEEE Transactions on Neural Networks and Learning Systems},
	number = {12},
	pages = {1930--1947},
	publisher = {IEEE},
	title = {Descent algorithms on oblique manifold for source-adaptive ICA contrast},
	volume = {23},
	year = {2012}}

@article{fan2001variable,
	author = {Fan, Jianqing and Li, Runze},
	date-added = {2019-07-29 03:40:46 +0000},
	date-modified = {2019-07-29 03:40:46 +0000},
	journal = {Journal of the American statistical Association},
	number = {456},
	pages = {1348--1360},
	publisher = {Taylor \& Francis},
	title = {Variable selection via nonconcave penalized likelihood and its oracle properties},
	volume = {96},
	year = {2001}}

@article{boyd2011distributed,
	author = {Boyd, Stephen and Parikh, Neal and Chu, Eric and Peleato, Borja and Eckstein, Jonathan and others},
	date-added = {2019-07-29 03:26:08 +0000},
	date-modified = {2019-08-19 15:42:46 +0000},
	journal = {Foundations and Trends in Machine Learning},
	number = {1},
	pages = {1--122},
	publisher = {Now Publishers, Inc.},
	title = {Distributed optimization and statistical learning via the alternating direction method of multipliers},
	volume = {3},
	year = {2011}}

@article{alizadeh2003second,
	author = {Alizadeh, Farid and Goldfarb, Donald},
	date-added = {2019-07-29 03:21:31 +0000},
	date-modified = {2019-08-12 03:46:11 +0000},
	journal = {Mathematical Programming},
	number = {1},
	pages = {3--51},
	publisher = {Springer},
	title = {Second-order cone programming},
	volume = {95},
	year = {2003}}

@article{johan1990tensor,
	author = {Johan, Hastad},
	date-added = {2019-07-19 22:13:51 +0000},
	date-modified = {2019-08-12 06:37:06 +0000},
	journal = {Journal of Algorithms},
	number = {11},
	pages = {644--654},
	title = {Tensor rank is NP-complete},
	volume = {4},
	year = {1990}}

@article{chen2018error,
	author = {Chen, Zhao and Fan, Jianqing and Li, Runze},
	date-added = {2019-07-18 20:18:41 +0000},
	date-modified = {2019-07-18 20:18:41 +0000},
	journal = {Journal of the American Statistical Association},
	number = {521},
	pages = {315--327},
	publisher = {Taylor \& Francis},
	title = {Error variance estimation in ultrahigh-dimensional additive models},
	volume = {113},
	year = {2018}}

@article{chandrasekaran2012convex,
	author = {Chandrasekaran, Venkat and Recht, Benjamin and Parrilo, Pablo A and Willsky, Alan S},
	date-added = {2019-07-06 18:48:59 +0000},
	date-modified = {2019-08-12 03:45:51 +0000},
	journal = {Foundations of Computational Mathematics},
	number = {6},
	pages = {805--849},
	publisher = {Springer},
	title = {The convex geometry of linear inverse problems},
	volume = {12},
	year = {2012}}

@article{stone1982optimal,
	author = {Stone, Charles J},
	date-added = {2019-07-05 00:09:50 +0000},
	date-modified = {2019-08-12 03:34:39 +0000},
	journal = {The Annals of Statistics},
	pages = {1040--1053},
	publisher = {JSTOR},
	title = {Optimal global rates of convergence for nonparametric regression},
	year = {1982}}

@book{ruppert2003semiparametric,
	address = {Cambridge},
	author = {Ruppert, David and Wand, Matt P and Carroll, Raymond J},
	date-added = {2019-07-04 02:17:20 +0000},
	date-modified = {2019-08-19 02:17:32 +0000},
	publisher = {Cambridge University Press},
	title = {Semiparametric regression},
	year = {2003}}

@techreport{de1976splines,
	author = {de Boor, Carl},
	date-added = {2019-07-03 02:13:40 +0000},
	date-modified = {2019-08-12 03:48:53 +0000},
	institution = {Wisconsin University Madison Mathematics Research Center},
	title = {Splines as linear combinations of B-splines: A survey},
	year = {1976}}


@incollection{de1973quasi,
	Author = {de Boor, Carl},
	Editor = {G. G. Lorentz},
	Booktitle = {Approximation Theory},
	Pages = {269--276},
	Publisher = {Academic Press},
	Title = {The quasi-interpolant as a tool in elementary polynomial spline theory},
	Year = {1973}}



@article{lycheb,
	author = {Lyche, Tom and Manni, Carla and Speleers, Hendrik},
	date-added = {2019-07-03 01:54:13 +0000},
	date-modified = {2019-07-03 01:54:13 +0000},
	title = {B-Splines and Spline Approximation}}

@article{zou2005regularization,
	author = {Zou, Hui and Hastie, Trevor},
	date-added = {2019-06-25 05:00:45 +0000},
	date-modified = {2019-08-12 03:21:27 +0000},
	journal = {Journal of the Royal Statistical Society: Series B (Statistical Methodology)},
	number = {2},
	pages = {301--320},
	publisher = {Wiley Online Library},
	title = {Regularization and variable selection via the elastic net},
	volume = {67},
	year = {2005}}

@article{zhou1998local,
	author = {Zhou, S and Shen, X and Wolfe, DA and others},
	date-added = {2019-06-25 02:16:51 +0000},
	date-modified = {2019-08-12 03:33:42 +0000},
	journal = {The Annals of Statistics},
	number = {5},
	pages = {1760--1782},
	publisher = {Institute of Mathematical Statistics},
	title = {Local asymptotics for regression splines and confidence regions},
	volume = {26},
	year = {1998}}

@book{koltchinskii2011oracle,
	address = {New York},
	author = {Koltchinskii, Vladimir},
	date-added = {2019-06-21 18:21:35 +0000},
	date-modified = {2019-08-19 02:16:12 +0000},
	publisher = {Springer Science \& Business Media},
	title = {Oracle inequalities in empirical risk minimization and sparse recovery problems},
	year = {2011}}

@book{talagrand2005generic,
	address = {Berlin},
	author = {Talagrand, M},
	date-added = {2019-06-21 18:10:15 +0000},
	date-modified = {2019-08-19 02:15:47 +0000},
	publisher = {Springer},
	title = {The generic chaining},
	year = {2005}}

@article{banerjee2015estimation,
	author = {Banerjee, Arindam and Chen, Sheng and Fazayeli, Farideh and Sivakumar, Vidyashankar},
	date-added = {2019-06-21 17:58:47 +0000},
	date-modified = {2019-06-21 17:58:47 +0000},
	journal = {arXiv preprint arXiv:1505.02294},
	title = {Estimation with Norm Regularization},
	year = {2015}}

@phdthesis{stojanac2016low,
	author = {Stojanac, Zeljka},
	date-added = {2019-06-21 17:49:17 +0000},
	date-modified = {2019-06-21 17:49:17 +0000},
	school = {PhD thesis, Universit{\"a}t Bonn},
	title = {Low-rank Tensor Recovery},
	year = {2016}}

@article{rauhut2017low,
	author = {Rauhut, Holger and Schneider, Reinhold and Stojanac, {\v{Z}}eljka},
	date-added = {2019-06-21 17:45:31 +0000},
	date-modified = {2019-06-21 17:45:31 +0000},
	journal = {Linear Algebra and its Applications},
	pages = {220--262},
	publisher = {Elsevier},
	title = {Low rank tensor recovery via iterative hard thresholding},
	volume = {523},
	year = {2017}}

@book{vershynin2018high,
	address = {New York},
	author = {Vershynin, Roman},
	date-added = {2019-06-21 17:36:46 +0000},
	date-modified = {2019-08-26 13:00:18 +0000},
	publisher = {Cambridge University Press},
	title = {High-dimensional probability: An introduction with applications in data science},
	year = {2018}}

@article{dong2016estimation,
	author = {Dong, Chaohua and Gao, Jiti and Tj{\o}stheim, Dag and others},
	date-added = {2019-06-18 16:25:00 +0000},
	date-modified = {2019-06-18 16:25:00 +0000},
	journal = {The Annals of Statistics},
	number = {1},
	pages = {425--453},
	publisher = {Institute of Mathematical Statistics},
	title = {Estimation for single-index and partially linear single-index integrated models},
	volume = {44},
	year = {2016}}

@article{yu2002penalized,
	author = {Yu, Yan and Ruppert, David},
	date-added = {2019-06-18 15:41:05 +0000},
	date-modified = {2019-06-18 15:41:05 +0000},
	journal = {Journal of the American Statistical Association},
	number = {460},
	pages = {1042--1054},
	publisher = {Taylor \& Francis},
	title = {Penalized spline estimation for partially linear single-index models},
	volume = {97},
	year = {2002}}

@article{ding2015tensor,
	author = {Ding, Shanshan and Cook, R Dennis},
	date-added = {2019-06-18 04:06:33 +0000},
	date-modified = {2019-06-18 04:06:33 +0000},
	journal = {Journal of Multivariate Analysis},
	pages = {216--231},
	publisher = {Elsevier},
	title = {Tensor sliced inverse regression},
	volume = {133},
	year = {2015}}

@article{li1991sliced,
	author = {Li, Ker-Chau},
	date-added = {2019-06-18 03:33:38 +0000},
	date-modified = {2019-06-18 03:33:38 +0000},
	journal = {Journal of the American Statistical Association},
	number = {414},
	pages = {316--327},
	publisher = {Taylor \& Francis Group},
	title = {Sliced inverse regression for dimension reduction},
	volume = {86},
	year = {1991}}

@article{tan2018convex,
	author = {Tan, Kean Ming and Wang, Zhaoran and Zhang, Tong and Liu, Han and Cook, R Dennis},
	date-added = {2019-06-18 01:49:56 +0000},
	date-modified = {2019-06-18 01:49:56 +0000},
	journal = {Biometrika},
	number = {4},
	pages = {769--782},
	publisher = {Oxford University Press},
	title = {A convex formulation for high-dimensional sparse sliced inverse regression},
	volume = {105},
	year = {2018}}

@article{yao2019covariate,
	author = {Yao, Weixin and Nandy, Debmalya and Lindsay, Bruce G and Chiaromonte, Francesca},
	date-added = {2019-06-18 01:34:10 +0000},
	date-modified = {2019-06-18 01:34:10 +0000},
	journal = {Journal of the American Statistical Association},
	pages = {1--28},
	publisher = {Taylor \& Francis},
	title = {Covariate Information Matrix for Sufficient Dimension Reduction},
	year = {2019}}

@article{ma2013review,
	author = {Ma, Yanyuan and Zhu, Liping},
	date-added = {2019-06-18 01:30:37 +0000},
	date-modified = {2019-06-18 01:30:37 +0000},
	journal = {International Statistical Review},
	number = {1},
	pages = {134--150},
	publisher = {International Statistical Institute},
	title = {A review on dimension reduction},
	volume = {81},
	year = {2013}}

@article{cook2002dimension,
	author = {Cook, R Dennis and Li, Bing and others},
	date-added = {2019-06-17 23:31:41 +0000},
	date-modified = {2019-06-17 23:31:41 +0000},
	journal = {The Annals of Statistics},
	number = {2},
	pages = {455--474},
	publisher = {Institute of Mathematical Statistics},
	title = {Dimension reduction for conditional mean in regression},
	volume = {30},
	year = {2002}}

@article{cook1996graphics,
	author = {Cook, R Dennis},
	date-added = {2019-06-17 23:03:13 +0000},
	date-modified = {2019-06-17 23:03:13 +0000},
	journal = {Journal of the American Statistical Association},
	number = {435},
	pages = {983--992},
	publisher = {Taylor \& Francis},
	title = {Graphics for regressions with a binary response},
	volume = {91},
	year = {1996}}

@techreport{cook1998regression,
	author = {Cook, R Dennis},
	date-added = {2019-06-17 23:02:18 +0000},
	date-modified = {2019-08-12 04:01:59 +0000},
	institution = {Wiley},
	title = {Regression graphics: ideas for studying regressions through graphics},
	year = {1998}}

@article{reiss2015wavelet,
	author = {Reiss, Philip T and Huo, Lan and Zhao, Yihong and Kelly, Clare and Ogden, R Todd},
	date-added = {2019-06-17 05:21:57 +0000},
	date-modified = {2019-08-12 03:36:16 +0000},
	journal = {The Annals of Applied Statistics},
	number = {2},
	pages = {1076},
	publisher = {NIH Public Access},
	title = {Wavelet-domain regression and predictive inference in psychiatric neuroimaging},
	volume = {9},
	year = {2015}}

@article{kang2018scalar,
	author = {Kang, Jian and Reich, Brian J and Staicu, Ana-Maria},
	date-added = {2019-06-17 02:10:41 +0000},
	date-modified = {2019-06-17 02:10:41 +0000},
	journal = {Biometrika},
	number = {1},
	pages = {165--184},
	publisher = {Oxford University Press},
	title = {Scalar-on-image regression via the soft-thresholded Gaussian process},
	volume = {105},
	year = {2018}}

@article{wang2017generalized,
	author = {Wang, Xiao and Zhu, Hongtu and Alzheimer's Disease Neuroimaging Initiative},
	date-added = {2019-06-16 21:47:44 +0000},
	date-modified = {2019-06-16 21:47:44 +0000},
	journal = {Journal of the American Statistical Association},
	number = {519},
	pages = {1156--1168},
	publisher = {Taylor \& Francis},
	title = {Generalized scalar-on-image regression models via total variation},
	volume = {112},
	year = {2017}}

@article{reiss2010functional,
	author = {Reiss, Philip T and Ogden, R Todd},
	date-added = {2019-06-16 21:17:28 +0000},
	date-modified = {2019-06-16 21:17:28 +0000},
	journal = {Biometrics},
	number = {1},
	pages = {61--69},
	publisher = {Wiley Online Library},
	title = {Functional generalized linear models with images as predictors},
	volume = {66},
	year = {2010}}

@article{carroll1997generalized,
	author = {Carroll, Raymond J and Fan, Jianqing and Gijbels, Irene and Wand, Matt P},
	date-added = {2019-06-16 15:34:32 +0000},
	date-modified = {2019-06-16 15:34:32 +0000},
	journal = {Journal of the American Statistical Association},
	number = {438},
	pages = {477--489},
	publisher = {Taylor \& Francis Group},
	title = {Generalized partially linear single-index models},
	volume = {92},
	year = {1997}}

@article{ruan2010dimension,
	author = {Ruan, Lingyan and Yuan, Ming},
	date-added = {2019-06-15 00:08:02 +0000},
	date-modified = {2019-06-15 00:08:02 +0000},
	journal = {Statistics and its Interface},
	number = {4},
	pages = {493--499},
	publisher = {International Press of Boston},
	title = {Dimension reduction and parameter estimation for additive index models},
	volume = {3},
	year = {2010}}

@article{chen2016generalized,
	author = {Chen, Yining and Samworth, Richard J},
	date-added = {2019-06-14 15:58:23 +0000},
	date-modified = {2019-06-14 15:58:23 +0000},
	journal = {Journal of the Royal Statistical Society: Series B (Statistical Methodology)},
	number = {4},
	pages = {729--754},
	publisher = {Wiley Online Library},
	title = {Generalized additive and index models with shape constraints},
	volume = {78},
	year = {2016}}

@article{shimoda2012decoding,
	author = {Shimoda, Kentaro and Nagasaka, Yasuo and Chao, Zenas C and Fujii, Naotaka},
	date-added = {2019-06-12 16:00:16 +0000},
	date-modified = {2019-08-12 03:35:32 +0000},
	journal = {Journal of Neural Engineering},
	number = {3},
	pages = {036015},
	publisher = {IOP Publishing},
	title = {Decoding continuous three-dimensional hand trajectories from epidural electrocorticographic signals in Japanese macaques},
	volume = {9},
	year = {2012}}

@article{chao2010long,
	author = {Chao, Zenas C and Nagasaka, Yasuo and Fujii, Naotaka},
	date-added = {2019-06-12 15:58:05 +0000},
	date-modified = {2019-08-12 03:45:45 +0000},
	journal = {Frontiers in Neuroengineering},
	pages = {3},
	publisher = {Frontiers},
	title = {Long-term asynchronous decoding of arm motion using electrocorticographic signals in monkey},
	volume = {3},
	year = {2010}}

@incollection{learned2016labeled,
	author = {Learned-Miller, Erik and Huang, Gary B and RoyChowdhury, Aruni and Li, Haoxiang and Hua, Gang},
	booktitle = {Advances in Face Detection and Facial Image Analysis},
	date-added = {2019-06-11 20:45:13 +0000},
	date-modified = {2019-08-12 06:42:52 +0000},
	pages = {189--248},
	publisher = {Springer},
	title = {Labeled faces in the wild: A survey},
	year = {2016}}

@article{horowitz1998semiparametric,
	author = {Horowitz, Joel L},
	date-added = {2019-06-10 15:36:28 +0000},
	date-modified = {2019-06-10 15:36:28 +0000},
	publisher = {Springer},
	title = {Semiparametric methods in econometrics},
	year = {1998}}

@article{fawzi2016structured,
	author = {Fawzi, Alhussein and Fiot, Jean-Baptiste and Chen, Bei and Sinn, Mathieu and Frossard, Pascal},
	date-added = {2019-06-10 13:41:30 +0000},
	date-modified = {2019-08-12 03:44:48 +0000},
	journal = {IEEE Transactions on Knowledge and Data Engineering},
	number = {6},
	pages = {1589--1601},
	publisher = {IEEE},
	title = {Structured Dimensionality reduction for additive model regression},
	volume = {28},
	year = {2016}}

@techreport{morton1989interpretable,
	author = {Morton, Sally C},
	date-added = {2019-06-10 04:57:17 +0000},
	date-modified = {2019-08-19 02:19:57 +0000},
	institution = {Department of Statistics, Stanford University.},
	title = {Interpretable projection pursuit},
	type = {Ph.D. Thesis},
	year = {1989}}

@inproceedings{zhang20081,
	author = {Zhang, Xiao and Liang, Lin and Tang, Xiaoou and Shum, Heung-Yeung},
	booktitle = {2008 IEEE Conference on Computer Vision and Pattern Recognition},
	date-added = {2019-06-10 03:37:05 +0000},
	date-modified = {2019-06-10 03:37:05 +0000},
	organization = {IEEE},
	pages = {1--8},
	title = {L 1 regularized projection pursuit for additive model learning},
	year = {2008}}

@article{diaconis1984nonlinear,
	author = {Diaconis, Persi and Shahshahani, Mehrdad},
	date-added = {2019-06-10 03:15:19 +0000},
	date-modified = {2019-06-10 03:15:19 +0000},
	journal = {SIAM Journal on Scientific and Statistical Computing},
	number = {1},
	pages = {175--191},
	publisher = {SIAM},
	title = {On nonlinear functions of linear combinations},
	volume = {5},
	year = {1984}}

@article{radchenko2015high,
	author = {Radchenko, Peter},
	date-added = {2019-06-09 04:18:42 +0000},
	date-modified = {2019-06-09 04:18:42 +0000},
	journal = {Journal of Multivariate Analysis},
	pages = {266--282},
	publisher = {Elsevier},
	title = {High dimensional single index models},
	volume = {139},
	year = {2015}}

@article{alquier2013sparse,
	author = {Alquier, Pierre and Biau, G{\'e}rard},
	date-added = {2019-06-09 04:17:21 +0000},
	date-modified = {2019-06-09 04:17:21 +0000},
	journal = {Journal of Machine Learning Research},
	number = {Jan},
	pages = {243--280},
	title = {Sparse single-index model},
	volume = {14},
	year = {2013}}

@inproceedings{chen2017robust,
	author = {Chen, Sheng and Banerjee, Arindam},
	booktitle = {Proceedings of the 34th International Conference on Machine Learning},
	date-added = {2019-06-09 04:13:29 +0000},
	date-modified = {2019-08-12 03:47:57 +0000},
	organization = {JMLR. org},
	pages = {712--721},
	title = {Robust structured estimation with single-index models},
	volume = {70},
	year = {2017}}

@article{horowitz1996direct,
	author = {Horowitz, Joel L and H{\"a}rdle, Wolfgang},
	date-added = {2019-06-09 03:44:03 +0000},
	date-modified = {2019-06-09 03:44:03 +0000},
	journal = {Journal of the American Statistical Association},
	number = {436},
	pages = {1632--1640},
	publisher = {Taylor \& Francis Group},
	title = {Direct semiparametric estimation of single-index models with discrete covariates},
	volume = {91},
	year = {1996}}

@article{ichimura1993semiparametric,
	author = {Ichimura, Hidehiko},
	date-added = {2019-06-09 03:42:25 +0000},
	date-modified = {2019-06-09 03:42:25 +0000},
	journal = {Journal of Econometrics},
	number = {1-2},
	pages = {71--120},
	publisher = {Elsevier},
	title = {Semiparametric least squares (SLS) and weighted SLS estimation of single-index models},
	volume = {58},
	year = {1993}}

@book{boyd2004convex,
	address = {Cambridge, UK},
	author = {Boyd, Stephen and Vandenberghe, Lieven},
	date-added = {2019-06-07 13:04:29 +0000},
	date-modified = {2019-11-13 18:12:18 -0600},
	publisher = {Cambridge University Press},
	title = {Convex optimization},
	year = {2004}}

@article{he2018dimensionality,
	author = {He, Kejun and Lian, Heng and Ma, Shujie and Huang, Jianhua Z},
	date-added = {2019-06-07 02:27:00 +0000},
	date-modified = {2019-08-12 03:44:24 +0000},
	journal = {Journal of the American Statistical Association},
	number = {522},
	pages = {746--754},
	publisher = {Taylor \& Francis},
	title = {Dimensionality reduction and variable selection in multivariate varying-coefficient models with a large number of covariates},
	volume = {113},
	year = {2018}}

@article{ravikumar2009sparse,
	author = {Ravikumar, Pradeep and Lafferty, John and Liu, Han and Wasserman, Larry},
	date-added = {2019-06-07 00:06:00 +0000},
	date-modified = {2019-06-07 00:06:00 +0000},
	journal = {Journal of the Royal Statistical Society: Series B (Statistical Methodology)},
	number = {5},
	pages = {1009--1030},
	publisher = {Wiley Online Library},
	title = {Sparse additive models},
	volume = {71},
	year = {2009}}

@article{lin2006component,
	author = {Lin, Yi and Zhang, Hao Helen},
	date-added = {2019-06-07 00:03:14 +0000},
	date-modified = {2019-06-07 00:03:14 +0000},
	journal = {The Annals of Statistics},
	number = {5},
	pages = {2272--2297},
	publisher = {Institute of Mathematical Statistics},
	title = {Component selection and smoothing in multivariate nonparametric regression},
	volume = {34},
	year = {2006}}

@article{friedman1981projection,
	author = {Friedman, Jerome H and Stuetzle, Werner},
	date-added = {2019-06-07 00:00:28 +0000},
	date-modified = {2019-06-07 00:00:28 +0000},
	journal = {Journal of the American Statistical Association},
	number = {376},
	pages = {817--823},
	publisher = {Taylor \& Francis},
	title = {Projection pursuit regression},
	volume = {76},
	year = {1981}}

@article{huang2010variable,
	author = {Huang, Jian and Horowitz, Joel L and Wei, Fengrong},
	date-added = {2019-06-06 23:51:09 +0000},
	date-modified = {2019-08-12 03:38:19 +0000},
	journal = {The Annals of Statistics},
	number = {4},
	pages = {2282–2313},
	publisher = {NIH Public Access},
	title = {Variable selection in nonparametric additive models},
	volume = {38},
	year = {2010}}

@article{fan2011nonparametric,
	author = {Fan, Jianqing and Feng, Yang and Song, Rui},
	date-added = {2019-06-06 23:49:28 +0000},
	date-modified = {2019-06-06 23:49:28 +0000},
	journal = {Journal of the American Statistical Association},
	number = {494},
	pages = {544--557},
	publisher = {Taylor \& Francis},
	title = {Nonparametric independence screening in sparse ultra-high-dimensional additive models},
	volume = {106},
	year = {2011}}

@article{stegeman2007kruskal,
	author = {Stegeman, Alwin and Sidiropoulos, Nicholas D},
	date-added = {2019-06-06 20:47:29 +0000},
	date-modified = {2019-08-12 07:04:49 +0000},
	journal = {Linear Algebra and its Applications},
	number = {2-3},
	pages = {540--552},
	publisher = {Elsevier},
	title = {On Kruskal's uniqueness condition for the CANDECOMP/PARAFAC decomposition},
	volume = {420},
	year = {2007}}

@article{de2006link,
	author = {De Lathauwer, Lieven},
	date-added = {2019-05-23 04:14:56 +0000},
	date-modified = {2019-08-12 06:33:24 +0000},
	journal = {SIAM Journal on Matrix Analysis and Applications},
	number = {3},
	pages = {642--666},
	publisher = {SIAM},
	title = {A link between the canonical decomposition in multilinear algebra and simultaneous matrix diagonalization},
	volume = {28},
	year = {2006}}

@article{harshman1984data,
	author = {Harshman, Richard A},
	date-added = {2019-05-22 22:41:24 -0500},
	date-modified = {2019-08-19 02:19:12 +0000},
	journal = {Research Methods for Multi-mode Data Analysis},
	pages = {216--284},
	publisher = {Praeger},
	title = {Data preprocessing and the extended PARAFAC model},
	year = {1984}}

@article{kruskal1977three,
	author = {Kruskal, Joseph B},
	date-added = {2019-05-22 22:40:00 -0500},
	date-modified = {2019-08-12 03:37:34 +0000},
	journal = {Linear Algebra and its Applications},
	number = {2},
	pages = {95--138},
	publisher = {Elsevier},
	title = {Three-way arrays: Rank and uniqueness of trilinear decompositions, with application to arithmetic complexity and statistics},
	volume = {18},
	year = {1977}}

@article{sidiropoulos2000uniqueness,
	author = {Sidiropoulos, Nicholas D and Bro, Rasmus},
	date-added = {2019-05-22 22:34:21 -0500},
	date-modified = {2019-05-22 22:34:21 -0500},
	journal = {Journal of Chemometrics: A Journal of the Chemometrics Society},
	number = {3},
	pages = {229--239},
	publisher = {Wiley Online Library},
	title = {On the uniqueness of multilinear decomposition of N-way arrays},
	volume = {14},
	year = {2000}}

@article{kruskal1989rank,
	author = {Kruskal, Joseph B},
	date-added = {2019-05-22 22:33:01 -0500},
	date-modified = {2019-08-12 03:37:42 +0000},
	journal = {Multiway Data Analysis},
	pages = {7--18},
	publisher = {North Holland},
	title = {Rank, decomposition, and uniqueness for 3-way and N-way arrays},
	year = {1989}}

@article{li2018tucker,
	author = {Li, Xiaoshan and Xu, Da and Zhou, Hua and Li, Lexin},
	date-added = {2019-05-21 14:40:27 -0500},
	date-modified = {2019-05-21 14:40:27 -0500},
	journal = {Statistics in Biosciences},
	number = {3},
	pages = {520--545},
	publisher = {Springer},
	title = {Tucker tensor regression and neuroimaging analysis},
	volume = {10},
	year = {2018}}

@article{kolda2009tensor,
	author = {Kolda, Tamara G and Bader, Brett W},
	date-added = {2019-05-21 04:35:59 -0500},
	date-modified = {2019-08-12 03:37:52 +0000},
	journal = {SIAM Review},
	number = {3},
	pages = {455--500},
	publisher = {SIAM},
	title = {Tensor decompositions and applications},
	volume = {51},
	year = {2009}}

@inproceedings{kanagawa2016gaussian,
	author = {Kanagawa, Heishiro and Suzuki, Taiji and Kobayashi, Hayato and Shimizu, Nobuyuki and Tagami, Yukihiro},
	booktitle = {International Conference on Machine Learning},
	date-added = {2019-05-17 17:53:31 -0500},
	date-modified = {2019-05-17 17:53:31 -0500},
	pages = {1632--1641},
	title = {Gaussian process nonparametric tensor estimator and its minimax optimality},
	year = {2016}}

@inproceedings{zhao2014tensor,
	author = {Zhao, Qibin and Zhou, Guoxu and Zhang, Liqing and Cichocki, Andrzej},
	booktitle = {2014 IEEE International Conference on Acoustics, Speech and Signal Processing},
	date-added = {2019-05-17 16:57:23 -0500},
	date-modified = {2019-08-12 07:03:46 +0000},
	organization = {IEEE},
	pages = {1265--1269},
	title = {Tensor-variate gaussian processes regression and its application to video surveillance},
	year = {2014}}

@article{lock2018tensor,
	author = {Lock, Eric F},
	date-added = {2019-05-17 11:25:24 -0500},
	date-modified = {2019-05-17 11:25:24 -0500},
	journal = {Journal of Computational and Graphical Statistics},
	number = {3},
	pages = {638--647},
	publisher = {Taylor \& Francis},
	title = {Tensor-on-tensor regression},
	volume = {27},
	year = {2018}}

@article{raskutti2019convex,
	author = {Raskutti, Garvesh and Yuan, Ming and Chen, Han},
	date-added = {2019-05-17 11:23:56 -0500},
	date-modified = {2019-05-17 11:23:56 -0500},
	journal = {The Annals of Statistics},
	number = {3},
	pages = {1554--1584},
	publisher = {Institute of Mathematical Statistics},
	title = {Convex regularization for high-dimensional multiresponse tensor regression},
	volume = {47},
	year = {2019}}

@article{hoff2015multilinear,
	author = {Hoff, Peter D},
	date-added = {2019-05-17 11:22:22 -0500},
	date-modified = {2019-08-12 03:43:51 +0000},
	journal = {The Annals of Applied Statistics},
	number = {3},
	pages = {1169–1193},
	publisher = {NIH Public Access},
	title = {Multilinear tensor regression for longitudinal relational data},
	volume = {9},
	year = {2015}}

@article{li2017parsimonious,
	author = {Li, Lexin and Zhang, Xin},
	date-added = {2019-05-17 11:17:14 -0500},
	date-modified = {2019-05-17 11:17:14 -0500},
	journal = {Journal of the American Statistical Association},
	number = {519},
	pages = {1131--1146},
	publisher = {Taylor \& Francis},
	title = {Parsimonious tensor response regression},
	volume = {112},
	year = {2017}}

@article{miranda2018tprm,
	author = {Miranda, Michelle F and Zhu, Hongtu and Ibrahim, Joseph G},
	date-added = {2019-05-17 11:14:39 -0500},
	date-modified = {2019-08-12 03:36:46 +0000},
	journal = {The Annals of Applied Statistics},
	number = {3},
	pages = {1422--1450},
	publisher = {NIH Public Access},
	title = {TPRM: TENSOR PARTITION REGRESSION MODELS WITH APPLICATIONS IN IMAGING BIOMARKER DETECTION.},
	volume = {12},
	year = {2018}}

@article{sun2017store,
	author = {Sun, Will Wei and Li, Lexin},
	date-added = {2019-05-17 11:12:16 -0500},
	date-modified = {2019-05-17 11:12:16 -0500},
	journal = {The Journal of Machine Learning Research},
	number = {1},
	pages = {4908--4944},
	publisher = {JMLR. org},
	title = {STORE: Sparse tensor response regression and neuroimaging analysis},
	volume = {18},
	year = {2017}}

@article{chen2019non,
	author = {Chen, Han and Raskutti, Garvesh and Yuan, Ming},
	date-added = {2019-05-17 10:57:59 -0500},
	date-modified = {2019-05-17 10:57:59 -0500},
	journal = {The Journal of Machine Learning Research},
	number = {1},
	pages = {172--208},
	publisher = {JMLR. org},
	title = {Non-convex projected gradient descent for generalized low-rank tensor regression},
	volume = {20},
	year = {2019}}

@inproceedings{bahadori2014fast,
	author = {Bahadori, Mohammad Taha and Yu, Qi Rose and Liu, Yan},
	booktitle = {Advances in Neural Information Processing Systems},
	date-added = {2019-05-17 10:24:13 -0500},
	date-modified = {2019-08-12 03:48:15 +0000},
	pages = {3491--3499},
	title = {Fast multivariate spatio-temporal analysis via low rank tensor learning},
	year = {2014}}

@book{cichocki2009nonnegative,
	address = {Chichester, UK},
	author = {Cichocki, Andrzej and Zdunek, Rafal and Phan, Anh Huy and Amari, Shun-ichi},
	date-added = {2019-05-17 10:22:16 -0500},
	date-modified = {2019-08-12 03:16:25 +0000},
	publisher = {John Wiley \& Sons},
	title = {Nonnegative matrix and tensor factorizations: applications to exploratory multi-way data analysis and blind source separation},
	year = {2009}}

@book{lu2013multilinear,
	address = {Boca Raton, Florida},
	author = {Lu, Haiping and Plataniotis, Konstantinos N and Venetsanopoulos, Anastasios},
	date-added = {2019-05-17 10:18:11 -0500},
	date-modified = {2019-08-12 06:44:28 +0000},
	publisher = {Chapman and Hall/CRC},
	title = {Multilinear subspace learning: Dimensionality reduction of multidimensional data},
	year = {2013}}

@inproceedings{wang2014clinical,
	author = {Wang, Fei and Zhang, Ping and Qian, Buyue and Wang, Xiang and Davidson, Ian},
	booktitle = {Proceedings of the 20th ACM SIGKDD International Conference on Knowledge Discovery and Data Mining},
	date-added = {2019-05-17 10:07:36 -0500},
	date-modified = {2019-08-12 03:47:18 +0000},
	organization = {ACM},
	pages = {145--154},
	title = {Clinical risk prediction with multilinear sparse logistic regression},
	year = {2014}}

@article{durham2018predictd,
	author = {Durham, Timothy J and Libbrecht, Maxwell W and Howbert, J Jeffry and Bilmes, Jeff and Noble, William Stafford},
	date-added = {2019-05-17 09:53:19 -0500},
	date-modified = {2019-08-12 03:45:00 +0000},
	journal = {Nature Communications},
	number = {1},
	pages = {1402},
	publisher = {Nature Publishing Group},
	title = {PREDICTD parallel epigenomics data imputation with cloud-based tensor decomposition},
	volume = {9},
	year = {2018}}

@inproceedings{zhu2018fairness,
	author = {Zhu, Ziwei and Hu, Xia and Caverlee, James},
	booktitle = {Proceedings of the 27th ACM International Conference on Information and Knowledge Management},
	date-added = {2019-05-17 09:27:09 -0500},
	date-modified = {2019-11-13 18:17:08 -0600},
	organization = {ACM},
	pages = {1153--1162},
	title = {Fairness-aware tensor-based recommendation},
	year = {2018}}

@inproceedings{he2017kernelized,
	author = {He, Lifang and Lu, Chun-Ta and Ma, Guixiang and Wang, Shen and Shen, Linlin and Yu, Philip S and Ragin, Ann B},
	booktitle = {Proceedings of the 34th International Conference on Machine Learning},
	date-added = {2019-05-16 22:14:06 -0500},
	date-modified = {2019-08-12 03:47:48 +0000},
	organization = {JMLR. org},
	pages = {1442--1451},
	title = {Kernelized support tensor machines},
	volume = {70},
	year = {2017}}

@article{signoretto2013learning,
	author = {Signoretto, Marco and De Lathauwer, Lieven and Suykens, Johan AK},
	date-added = {2019-05-16 20:17:29 -0500},
	date-modified = {2019-05-16 20:17:29 -0500},
	journal = {arXiv preprint arXiv:1310.4977},
	title = {Learning tensors in reproducing kernel Hilbert spaces with multilinear spectral penalties},
	year = {2013}}

@inproceedings{suzuki2016minimax,
	author = {Suzuki, Taiji and Kanagawa, Heishiro and Kobayashi, Hayato and Shimizu, Nobuyuki and Tagami, Yukihiro},
	booktitle = {Advances in Neural Information Processing Systems},
	date-added = {2019-05-16 18:22:15 -0500},
	date-modified = {2019-05-16 18:22:15 -0500},
	pages = {3783--3791},
	title = {Minimax optimal alternating minimization for kernel nonparametric tensor learning},
	year = {2016}}

@inproceedings{hou2017fast,
	author = {Hou, Ming and Chaib-draa, Brahim},
	booktitle = {IJCAI},
	date-added = {2019-05-16 17:08:49 -0500},
	date-modified = {2019-05-16 17:08:49 -0500},
	pages = {1851--1857},
	title = {Fast Recursive Low-rank Tensor Learning for Regression.},
	year = {2017}}

@inproceedings{zhao2013tensor,
	author = {Zhao, Qibin and Zhang, Liqing and Cichocki, Andrzej},
	booktitle = {Twenty-seventh AAAI Conference on Artificial Intelligence},
	date-added = {2019-05-16 16:33:30 -0500},
	date-modified = {2019-08-12 03:46:58 +0000},
	title = {A tensor-variate Gaussian process for classification of multidimensional structured data},
	year = {2013}}

@inproceedings{hou2015online,
	author = {Hou, Ming and Wang, Yali and Chaib-draa, Brahim},
	booktitle = {2015 IEEE International Conference on Acoustics, Speech and Signal Processing},
	date-added = {2019-05-16 16:25:41 -0500},
	date-modified = {2019-08-12 06:39:42 +0000},
	organization = {IEEE},
	pages = {5490--5494},
	title = {Online local gaussian process for tensor-variate regression: Application to fast reconstruction of limb movements from brain signal},
	year = {2015}}

@inproceedings{imaizumi2016doubly,
	author = {Imaizumi, Masaaki and Hayashi, Kohei},
	booktitle = {International Conference on Machine Learning},
	date-added = {2019-05-16 16:14:52 -0500},
	date-modified = {2019-05-16 16:14:52 -0500},
	pages = {727--736},
	title = {Doubly decomposing nonparametric tensor regression},
	year = {2016}}

@article{Zhou-Li-Zhu13,
	author = {Zhou, Hua and Li, Lexin and Zhu, Hongtu},
	date-added = {2019-05-16 16:13:47 -0500},
	date-modified = {2019-05-16 16:13:47 -0500},
	journal = {Journal of the American Statistical Association},
	number = {502},
	pages = {540--552},
	title = {Tensor regression with applications in neuroimaging data analysis},
	volume = {108},
	year = {2013}}

@article{Zhou-Li14,
	author = {Zhou, Hua and Li, Lexin},
	date-added = {2019-05-16 16:13:47 -0500},
	date-modified = {2019-05-16 16:13:47 -0500},
	journal = {Journal of the Royal Statistical Society: Series B (Statistical Methodology)},
	number = {2},
	pages = {463--483},
	title = {Regularized matrix regression},
	volume = {76},
	year = {2014}}

@inproceedings{Banerjee-Chen-Fazayeli14,
	author = {Banerjee, Arindam and Chen, Sheng and Fazayeli, Farideh and Sivakumar, Vidyashankar},
	booktitle = {Advances in Neural Information Processing Systems},
	date-added = {2019-05-16 16:13:47 -0500},
	date-modified = {2019-05-16 16:13:47 -0500},
	pages = {1556--1564},
	title = {Estimation with norm regularization},
	year = {2014}}

@article{Stone85,
	author = {Stone, Charles J},
	date-added = {2019-05-16 16:13:47 -0500},
	date-modified = {2019-05-16 16:13:47 -0500},
	journal = {The Annals of Statistics},
	number = {2},
	pages = {689--705},
	title = {Additive regression and other nonparametric models},
	volume = {3},
	year = {1985}}

@article{zhang2010nearly,
	author = {Zhang, Cun-Hui},
	journal = {The Annals of Statistics},
	number = {2},
	pages = {894-942},
	title = {Nearly unbiased variable selection under minimax concave penalty},
	volume = {38},
	year = {2010}}

@article{wei2010consistent,
	author = {Wei, Fengrong and Huang, Jian},
	journal = {Bernoulli},
	number = {4},
	pages = {1369--1384},
	title = {Consistent group selection in high-dimensional linear regression},
	volume = {16},
	year = {2010}}

@article{he2016asymptotic,
	author = {He, Kejun and Huang, Jianhua Z.},
	journal = {Stat},
	keywords = {high dimensional regression, large sample theory, minimax, multivariate regression, oracle property, variable selection},
	number = {1},
	pages = {251--261},
	title = {Asymptotic properties of adaptive group Lasso for sparse reduced rank regression},
	volume = {5},
	year = {2016}}

@article{mueller2005alzheimer,
	author = {Mueller, Susanne G and Weiner, Michael W and Thal, Leon J and Petersen, Ronald C and Jack, Clifford and Jagust, William and Trojanowski, John Q and Toga, Arthur W and Beckett, Laurel},
	journal = {Neuroimaging Clinics},
	number = {4},
	pages = {869--877},
	publisher = {Elsevier},
	title = {The Alzheimer's disease neuroimaging initiative},
	volume = {15},
	year = {2005}}

@article{weiner2017alzheimer,
	author = {Weiner, Michael W and Veitch, Dallas P and Aisen, Paul S and Beckett, Laurel A and Cairns, Nigel J and Green, Robert C and Harvey, Danielle and Jack Jr, Clifford R and Jagust, William and Morris, John C},
	journal = {Alzheimer's \& Dementia},
	number = {5},
	pages = {561--571},
	publisher = {Elsevier},
	title = {The Alzheimer's disease neuroimaging initiative 3: Continued innovation for clinical trial improvement},
	volume = {13},
	year = {2017}}

@article{bellec2017neuro,
	author = {Bellec, Pierre and Chu, Carlton and Chouinard-Decorte, Francois and Benhajali, Yassine and Margulies, Daniel S and Craddock, R Cameron},
	journal = {Neuroimage},
	pages = {275--286},
	publisher = {Elsevier},
	title = {The neuro bureau ADHD-200 preprocessed repository},
	volume = {144},
	year = {2017}}

@article{qin2014hippocampal,
	author = {Qin, Shaozheng and Cho, Soohyun and Chen, Tianwen and Rosenberg-Lee, Miriam and Geary, David C and Menon, Vinod},
	journal = {Nature Neuroscience},
	number = {9},
	pages = {1263--1269},
	publisher = {Nature Publishing Group},
	title = {Hippocampal-neocortical functional reorganization underlies children's cognitive development},
	volume = {17},
	year = {2014}}
